3242 5150
385 382 450 448 272
563 377 832 445 CONCILIUM
860 376 1250 440 ELIBERI'I'ANUM.

386 551 461 625 cuit,
477 572 536 615 nee
558 549 591 613 in
611 549 674 613 fine
693 550 832 613 dandam
850 569 919 612 esse
936 548 1205 612 communionem:
1232 546 1259 610 ei
1274 567 1349 609 vero
1366 567 1446 610 eam

384 661 559 746 reliquerit,
575 667 649 746 poet
664 662 773 724 deoem
786 680 889 724 annos
902 657 1039 744 aeeipiat
1053 657 1314 722 eommunionem.

840 771 979 834 LXXI.

427 881 670 966 stupratoribus
692 901 871 966 puerorum,
887 900 945 944 neo
967 879 1000 941 in
1021 877 1084 942 liae
1105 878 1243 942 dandam
1262 898 1331 941 ease
1353 897 1446 940 eom-

383 992 574 1057 munionem.

828 1076 989 1139 LXXII.

428 1187 441 1226 ¹
449 1187 483 1252 Si
506 1209 570 1272 qua
591 1187 685 1252 vidua
707 1186 803 1252 suerit
824 1188 997 1265 moeebate,
1021 1193 1054 1250 et
1076 1185 1221 1250 eumdem
1244 1192 1359 1269 postea
1382 1183 1445 1246 ba·

385 1297 491 1362 buerit
511 1298 681 1370 maritum
710 1305 784 1382 poet
807 1297 1012 1382 quinquennii
1037 1304 1174 1380 tempus,
1195 1309 1270 1360 aeta
1291 1294 1445 1378 legitime

384 1408 585 1494 poenitentia,
601 1409 721 1494 placuit
739 1430 811 1472 eam
827 1406 1039 1472 communioni
1058 1404 1271 1470 reconciliari:
1295 1404 1322 1468 ei
1338 1403 1444 1468 alium

385 1519 525 1597 duxerit,
539 1519 651 1584 relicto
664 1520 726 1598 illo,
736 1541 794 1583 neo
807 1518 841 1582 in
856 1517 919 1582 fine
930 1518 1068 1582 dandam
1080 1539 1148 1582 esee
1162 1516 1441 1580 eommunionem:

385 1629 433 1693 vel
455 1629 600 1693 siluerit
622 1630 674 1693 ille
696 1629 807 1703 fidelis,
832 1649 926 1713 quem
946 1627 1081 1712 aceepit,
1095 1626 1346 1691 communionem
1372 1647 1444 1688 non

384 1741 531 1825 accipiat,
547 1741 607 1804 nisi
627 1748 701 1825 poet
716 1742 824 1804 decem
839 1760 950 1816 annos,
965 1747 1040 1803 aeta
1060 1739 1203 1823 legitima
1221 1737 1440 1823 poenitentia;

385 1851 446 1916 nisi
460 1851 629 1916 infirmitas
643 1851 783 1936 eoigerit
798 1849 937 1914 velocius
951 1849 1029 1913 dare
1042 1849 1303 1912 communionem.

820 1959 997 2022 LXXIII.

430 2070 583 2136 mentor
597 2071 624 2135 si
639 2070 709 2155 quia
728 2070 889 2134 exstiterit
903 2070 1015 2147 fidelis,
1030 2080 1063 2134 et
1083 2092 1140 2154 per
1159 2069 1350 2134 delationem
1367 2070 1442 2154 ejus

386 2181 500 2265 aliquia
514 2181 610 2246 suerit
625 2180 833 2266 proscriptus,
850 2180 898 2245 vel
912 2181 1117 2253 intersertum
1145 2181 1273 2266 placuit,
1289 2203 1361 2246 eum
1378 2203 1441 2244 nee

385 2292 419 2356 in
444 2291 507 2356 fine
535 2292 679 2377 aeeipere
709 2291 970 2356 communionem.
1016 2292 1050 2356 Si
1075 2291 1174 2357 levior
1202 2314 1297 2356 eausa
1326 2291 1440 2366 luerit,

385 2402 472 2466 iutra
501 2401 749 2486 quinquennium
778 2403 921 2486 aeeipere
946 2402 1066 2486 poterit
1096 2403 1356 2468 communionem.
1404 2400 1441 2464 Si

385 2513 632 2578 catechumenus
646 2513 752 2587 fuerit,
767 2522 842 2598 poet
862 2512 1066 2599 quinquennii
1081 2521 1227 2599 tempora
1243 2511 1441 2577 admittatur

385 2624 428 2687 ad
443 2624 647 2710 baptismum.

826 2707 992 2773 LXXIV.

429 2818 571 2883 hFuluus
593 2818 696 2891 testie,
724 2826 821 2902 prout
846 2824 895 2882 est
915 2817 1042 2895 crimen,
1065 2817 1284 2882 abstinebitur.
1330 2816 1364 2881 si
1388 2824 1439 2881 ta·

386 2952 458 2994 men
473 2951 536 2992 non
551 2930 648 2994 fuerit
671 2929 803 2994 mortale
822 2929 906 3016 quod
927 2930 1053 3016 objecit,
1069 2939 1103 2994 et
1125 2930 1324 3015 probaverit;
1349 2928 1438 3014 quod

385 3062 450 3103 uon
471 3039 620 3117 tenuerit,
643 3039 761 3103 biennii
783 3049 926 3124 tempore
948 3040 1222 3114 abstineatur31i
1244 3047 1351 3104 autem
1370 3060 1438 3103 non

385 3144 568 3232 probaverit
590 3145 786 3209 *conventui
809 3146 1005 3223 elericorum,
1026 3147 1156 3232 placuit,
1180 3168 1238 3229 per
1261 3145 1437 3232 quinquen-

385 3256 472 3320 nium
487 3254 650 3320 abstineri.

833 3340 980 3406 LXXV.

429 3449 479 3515 ‘si
497 3450 568 3536 quie
582 3458 691 3515 autem
705 3450 898 3537 episeopum,
915 3452 964 3516 vel
979 3454 1211 3537 presbyterum,
1228 3458 1314 3527 †aut
1329 3452 1434 3516 diaeo-

417 3630 461 3691 17.
475 3643 555 3677 xm.
573 3630 619 3687 Qu.
636 3642 655 3675 ι.
669 3630 694 3677 Sl
705 3644 754 3691 qua
764 3628 859 3678 mulier.
960 3631 1132 3688 SGrutt'anue,
1145 3628 1168 3679 6.
1186 3633 1212 3677 V.
1225 3633 1254 3688 Q.
1266 3630 1289 3679 6.
1301 3629 1434 3679 Delatorui

384 3709 446 3773 quie.
465 3712 557 3758 Bureb.
569 3710 609 3758 lib.
618 3711 650 3757 ri.
663 3726 676 3758 e
694 3724 733 3773 27.
747 3714 829 3771 elluo,
841 3720 902 3773 part.
910 3726 933 3757 x.
946 3726 996 3773 erp.
1011 3710 1436 3771 156.nun00an0nemre01am,ud

384 3791 553 3852 beterpehtum
563 3807 594 3840 er
604 3793 649 3837 aei
660 3793 699 3837 rai
709 3792 857 3840 clementiore
867 3792 1001 3852 dirriplr'nu.
1032 3793 1128 3852 Lepunt
1139 3794 1210 3853 enim,
1219 3807 1268 3840 uon
1281 3792 1326 3840 nisi
1338 3791 1364 3838 in
1377 3792 1433 3839 fine.

384 3870 400 3909 h
413 3871 538 3930 Βαόαηω,
555 3871 639 3918 libili.
650 3872 679 3919 de
692 3872 779 3918 Poenit.
792 3872 876 3931 Satiefi
888 3886 939 3933 oap.
948 3884 987 3932 53.
1011 3873 1111 3931 Raptae,
1123 3872 1164 3921 lib.
1173 3873 1198 3921 ii.
1212 3886 1327 3936 mp.,341.
1340 3872 1433 3920 Burob.

384 3949 425 3998 lib.
435 3950 484 3998 xvi.
495 3966 547 4014 eep.
561 3951 595 3998 18.
608 3958 631 3999 et
642 3958 699 4000 ante
715 3952 757 4000 bor
772 3968 860 4013 omme,
871 3954 1002 4013 Greperiur
1010 3954 1066 4000 111.
1079 3956 1106 4001 in
1115 3954 1222 4001 «Iudiciis
1233 3955 1320 4001 Panic.
1331 3968 1381 4017 cup.
1395 3966 1431 4015 ¹3·

382 4032 637 4093 udittiaterpolatur
648 4039 777 4081 utronea.
905 4033 1313 4098 *crepa.111.tocoou.eap.13.
1331 4036 1432 4097 nepteo,

383 4111 467 4160 libili.
479 4127 530 4175 oep.
543 4112 599 4173 338.
618 4114 690 4162 Cone.
707 4117 787 4164 Sum.
798 4116 839 4162 11.
851 4131 915 4163 anno
926 4118 982 4179 ⁸5³·
1001 4118 1144 4176 θταεὶαιιω,
1156 4135 1179 4177 4.
1193 4131 1229 4165 ιι.
1244 4119 1290 4174 Qu.
1301 4132 1323 4178 3.
1342 4118 1367 4164 Si
1379 4116 1432 4179 quir

384 4194 529 4257 epiewpum.
549 4195 583 4242 A!
594 4196 762 4255 Buretardue,
772 4195 815 4243 lib.
824 4196 849 4243 ii.
861 4212 911 4258 oap.
924 4210 977 4261 195.
988 4206 1012 4246 el
1020 4201 1072 4255 luo,
1086 4209 1147 4260 part.
1156 4199 1188 4245 vl.
1200 4214 1251 4260 eap.
1260 4210 1316 4255 240.
1330 4198 1433 4246 earna-

382 4277 487 4337 piniemi
498 4276 644 4336 metm,
655 4285 678 4326 et
688 4278 779 4339 lequel,
791 4292 841 4326 non
853 4278 899 4325 nui
912 4278 937 4325 in
950 4279 1004 4327 fine

484 4381 498 4409 ⁰
509 4378 640 4444 (eonvente
650 4382 759 4432 ulerunt
776 4382 889 4447 Mutrit.)
1085 4384 1162 4449 †(vel
1173 4386 1207 4433 ed.
1226 4382 1337 4447 Manio)
