3242 5150
261 407 312 472 IN
337 409 555 473 CANONES
579 409 826 474 ANCYRAN.
849 408 914 472 ΕΤ
939 409 1143 472 NEOCAES.
1176 409 1242 475 227

190 584 373 654 πρόσκλαυσιτ
386 583 418 635 τὸ
430 577 555 636 ἵστασθαι
569 582 619 652 ἔξω
632 583 679 634 τοῦ
697 579 841 651 περιβόλου
854 581 901 649 τῆς
913 576 1050 648 inciperim
1067 581 1114 634 τὸν
1126 578 1240 651 ἁμαρτῆ·

191 697 286 744 σαντα,
309 680 351 734 nal
370 681 472 753 ἑκάστῳ
491 684 543 732 τῶν
563 679 698 732 εἰσιόντων
719 677 849 750 ἐπιλέγειν
867 677 933 746 μετὰ
954 676 1095 747 κλαυθμοῦ,
1117 677 1242 748 εὔχεσθαι

192 778 259 843 ὑπὲρ
272 777 360 839 αὐτοῦ,
375 775 555 847 προπίπτοντα
569 775 610 830 nai
622 777 678 831 sois
690 775 771 830 ποσὶν
784 775 874 828 αὐτοῦ.
910 771 986 843 Quae
1000 772 1087 831 verbu
1099 771 1136 828 ab
1150 771 1241 829 iuter.

192 879 276 948 prete
301 867 375 928 mule
395 868 552 936 intellecta,
575 868 616 926 sio
637 869 823 944 interpretor,
846 870 998 925 ὑπόπτοσιτ
1021 867 1179 925 substratio
1201 874 1242 923 est

195 969 270 1022 intra
291 967 421 1023 ambitum
443 965 558 1023 eeclesia
578 969 606 1023 in
626 968 732 1041 postica
752 966 874 1021 ambonis
892 970 977 1038 porte
997 965 1090 1028 statio,
1104 982 1165 1020 casn
1186 965 1243 1035 ipse

194 1065 278 1120 etiam
295 1063 358 1140 (qui
372 1063 412 1122 ibi
433 1065 504 1132 stat)
519 1081 577 1120 nno
596 1081 656 1118 cnm
677 1063 931 1119 catechumenorum
950 1062 1146 1117 exclamatione
1163 1079 1241 1134 egre·

195 1163 281 1217 ditur.
317 1159 449 1218 Σὺπτασιε
468 1163 525 1218 sioe
543 1162 716 1216 consistentia
734 1167 775 1215 est
792 1161 876 1214 statio
894 1177 954 1214 cum
962 1158 1093 1232 fidelibus
1106 1159 1243 1231 usquead

194 1259 330 1332 expletam
343 1260 463 1314 divinam
474 1259 626 1332 liturgiam.
662 1257 848 1330 Porticipatio
862 1255 1106 1313 Sacramentornm
1120 1263 1160 1310 est
1172 1254 1241 1311 οἱοὶ-

184 1357 302 1431 ficantis
310 1355 395 1431 ponis
408 1357 565 1413 communio.
589 1357 768 1427 πρόστλαυσιτ
776 1356 833 1408 sioe
839 1351 933 1428 fictus,
943 1359 985 1408 est
998 1355 1142 1408 consistere
1155 1354 1242 1409 delin-

195 1461 320 1528 quentem
343 1461 423 1510 entra
446 1453 561 1508 ccclesia
589 1451 730 1514 ambitum,
760 1457 788 1505 et
813 1449 938 1520 singulis,
966 1451 1014 1522 qni
1040 1449 1242 1523 ingrediuntur,

194 1553 285 1607 dicere
298 1569 358 1608 cum
371 1550 453 1628 stetu,
467 1555 499 1604 ut
516 1567 568 1623 pro
587 1551 647 1624 ipso
662 1555 782 1611 orarent,
797 1547 835 1601 ad
853 1547 935 1619 pcder
948 1549 1031 1602 etiam
1045 1564 1138 1603 eorum
1150 1548 1242 1621 proci·

194 1649 310 1706 dentem.
334 1645 431 1704 Sehol.
446 1645 483 1704 ad
498 1645 588 1704 Basil.
604 1645 655 1703 lib.
666 1644 706 1702 lx.
722 1663 785 1721 osp.
799 1659 848 1717 39.
862 1640 957 1699 initio.
985 1641 1067 1714 Quid
1078 1653 1176 1701 nutem
1187 1642 1242 1701 sibi

196 1741 267 1801 velit
282 1761 338 1800 vox
354 1741 571 1799 ὑποπιπτέτασαν
589 1741 644 1798 boo
661 1740 690 1798 in
710 1737 783 1806 loco,
797 1757 857 1794 uon
875 1736 948 1796 adeo
962 1748 1074 1796 certum
1087 1747 1141 1798 ost.
1184 1736 1243 1799 Vel

197 1839 239 1899 ita
259 1839 336 1898 enim
354 1837 545 1917 intelligatur,
568 1847 603 1896 ut
623 1835 795 1894 voluntariis
816 1834 901 1892 aredis
921 1833 964 1892 rei
984 1833 1061 1893 inter
1084 1835 1246 1893 substratos

196 1948 338 2018 perpetuo
352 1956 445 2014 usquo
463 1935 499 1994 ad
519 1936 587 1994 vitae
605 1935 717 1994 exitum
738 1943 892 1991 maneant:
915 1931 962 1990 vel
976 1931 1018 1990 its
1031 1940 1065 1989 ut
1080 1935 1244 2000 ὑπόπτοσιν,

196 2035 253 2094 nisi
273 2033 448 2098 moribundi,
463 2052 611 2110 nunquam
627 2030 800 2090 transiliant.
843 2027 901 2088 Sed
916 2027 998 2107 prius
1017 2028 1101 2088 nobis
1121 2049 1181 2089 non
1199 2049 1245 2087 ar.

196 2131 281 2199 ridet,
305 2143 458 2208 propterea
479 2127 567 2205 quod,
590 2127 641 2204 qui
658 2137 742 2186 tanto
766 2125 887 2184 crimine
908 2134 1055 2190 tenentur,
1075 2125 1245 2184 humiliores

196 2226 275 2284 haud
296 2225 384 2285 dubie
404 2225 511 2304 gradsm
532 2242 684 2303 peragrare
707 2223 825 2288 debent,
840 2220 1007 2300 priusquam
1025 2220 1063 2279 ad
1083 2221 1245 2280 substratos

196 2322 332 2380 veniant:
354 2322 427 2381 adeo
440 2332 475 2379 ut
489 2340 590 2380 sensus
605 2321 662 2378 huo
676 2319 775 2399 potius
788 2317 885 2376 redire
898 2316 981 2375 nobis
995 2317 1139 2383 videatur,
1149 2327 1183 2375 ut
1193 2316 1245 2393 qui

196 2427 311 2476 tantum
326 2419 419 2478 scelus
433 2417 611 2485 admiserint,
626 2415 690 2474 aliis
704 2414 864 2494 peragratis
877 2412 1078 2491 poenitentiam
1097 2411 1244 2489 gradibus,

196 2515 414 2571 ὑποπιπτέτωσαν
433 2517 490 2587 μὲν,
505 2514 581 2571 inter
602 2512 763 2570 substratos
775 2509 894 2587 quidem
915 2507 1117 2578 admittantur,
1131 2507 1183 2568 sod
1203 2509 1245 2568 its

197 2621 232 2669 ut
246 2612 456 2671 communionis
470 2630 528 2669 non
543 2611 602 2668 sint
616 2608 780 2687 participes,
796 2605 960 2684 usquedum
974 2607 1108 2665 morituri
1123 2607 1244 2665 fuerint.

198 2709 351 2767 stnnso.

609 2884 835 2919 ...4⁶-

383 3073 583 3146 CONCIL.
612 3069 1065 3143 NEOCAESARIENSE.

239 3207 274 3265 P.
294 3207 357 3264 181.
373 3207 391 3264 l.
403 3226 430 3281 5.
446 3210 556 3264 Κανόνας
569 3208 615 3275 τῆς
629 3207 657 3261 ἒν
671 3204 857 3276 Neonatoopeip
872 3205 998 3277 συνόδου]
1017 3206 1091 3265 Hoec
1105 3215 1149 3265 est
1164 3206 1243 3266 Bod-

197 3303 292 3362 leisna
304 3304 392 3380 hujus
411 3302 534 3361 Consilii
550 3301 718 3380 inscriptio;
740 3320 829 3377 aqua
843 3301 1075 3361 Amerbachiana
1091 3324 1149 3361 uon
1168 3302 1244 3360 mul·

198 3412 262 3458 tum
283 3400 391 3466 differt,
413 3419 478 3476 quoe
501 3410 555 3466 est,
583 3402 685 3457 κανόνες
706 3403 752 3469 τῆς
775 3403 802 3453 ὲν
825 3402 1011 3473 Νεοκαισαρείᾳ
1035 3402 1147 3457 συνόδου
1170 3402 1245 3455 δεκα-

196 3500 283 3562 πέντε,
301 3496 430 3554 Canones
445 3495 554 3574 Spnodi
571 3494 815 3554 Neocoesariensis
829 3494 997 3574 quindecim.
1041 3496 1099 3555 Sed
1116 3498 1147 3553 in
1162 3496 1244 3554 Pari·

198 3592 286 3653 sienni
299 3593 421 3650 Zonnroe
435 3592 574 3657 editione,
587 3592 693 3650 titulus
707 3592 749 3651 sic
764 3612 794 3651 se
809 3592 906 3658 habet,
915 3596 1027 3651 Κανόνα
1037 3599 1089 3649 τῶν
1099 3596 1127 3649 ἐν
1137 3600 1246 3651 Νεοεαι.

198 3692 289 3763 oopeip
310 3693 489 3747 συνελθόντων
509 3688 589 3763 ἁγίαν
609 3693 650 3745 καὶ
669 3689 798 3763 μακαρίον
816 3687 941 3760 πατέρων,
956 3688 1047 3748 οἵτινες
1064 3690 1179 3765 δεῦτεροι
1199 3694 1247 3762 μέν

198 3788 250 3843 εἶσι
268 3792 320 3842 τῶν
340 3788 367 3842 ἐν
387 3786 509 3859 Ἀγκῦρᾳ,
524 3794 576 3842 τῶν
590 3788 619 3843 di
637 3788 665 3842 ἐν
687 3788 778 3858 Νικαία
798 3786 1007 3860 προγενίστεροι.
1030 3788 1072 3843 td
1093 3789 1122 3843 di
1142 3793 1245 3855 σεβασ.

195 3886 306 3955 patema
323 3883 492 3956 προτέτακται
511 3886 595 3941 αὐτῶν
608 3887 633 3939 ot
649 3886 690 3957 (ἡ)
706 3886 733 3940 ἐν
748 3884 848 3954 Νιταίᾳ.
893 3881 1024 3940 Conones
1042 3892 1203 3942 sanctorum
1218 3894 1245 3943 et

199 3980 342 4039 beatorum
363 3980 496 4045 Patrum,
512 3980 561 4058 qui
581 3980 768 4039 Neocasaria
790 3980 957 4056 congregati
981 3988 1056 4047 sant,
1077 3982 1245 4059 posteriores

198 4076 310 4155 quidem
325 4076 392 4142 illis,
408 4078 455 4154 qui
475 4074 596 4155 Ancyra
614 4085 811 4146 convenerunt,
827 4076 1001 4154 antiquiores
1019 4096 1085 4135 vero
1107 4075 1244 4135 Nicoenis.

200 4174 259 4231 Sed
269 4182 388 4251 propter
401 4174 567 4248 dignitatem
585 4172 696 4231 Nicaeni
710 4174 756 4231 ln's
770 4172 922 4251 antepositi
934 4181 1007 4229 ment.
1039 4172 1074 4229 In
1088 4172 1243 4231 Parisiensi

199 4268 381 4327 Balsamonis
395 4269 533 4339 editione,
549 4268 654 4349 duplex
668 4280 712 4327 est
726 4269 895 4348 inscriptio,
918 4289 975 4327 uns
989 4268 1036 4326 hie
1055 4278 1122 4326 ante
1141 4269 1242 4347 praefa·

198 4364 318 4431 tionem,
334 4364 393 4423 vid.
409 4366 424 4435 ἡ
438 4366 466 4421 ἐν
483 4367 668 4440 Νεοεαισορείᾳ
680 4364 800 4424 airolae.
843 4364 946 4425 Altera
965 4377 1033 4424 sote
1051 4384 1183 4433 canones,
1199 4365 1243 4422 his

676 4479 767 4545 ogo
