3242 5150
235 388 286 450 IN
309 388 342 450 S.
360 384 580 450 DIONYSII
605 384 880 448 NICETIANA
899 385 1174 453 EXCERPTA.
1199 389 1263 452 458

213 578 307 639 quem
330 554 440 639 scripti
463 576 572 618 omnes
593 554 722 618 titulum
744 574 811 640 prae
833 575 868 618 se
890 553 998 620 ierunt
1025 557 1168 641 Dionysii
1190 579 1263 622 cum

213 657 324 721 addito
346 656 432 720 Αίαο.
456 656 482 719 si
498 657 560 720 cod.
577 676 650 724 201.
666 656 796 742 excipis,
812 655 845 718 in
867 677 930 740 quo
951 658 1078 742 quidem
1101 662 1263 723 Διονυσίου

212 759 279 822 sine
300 757 411 842 gentili
433 756 573 841 positum
595 763 655 820 est.
702 755 742 818 In
757 755 1117 844 cod-quoqu0178,qui
1136 759 1263 845 prioris,

213 868 250 925 ut
275 860 351 937 dixi,
367 858 588 945 apographum
610 879 679 921 esse
704 858 839 935 videtur,
863 862 984 924 ΑΛΕΞ.
1006 860 1071 924 ulis
1093 883 1189 925 menn
1211 870 1263 926 est

212 961 367 1026 additum.
414 960 478 1024 Sed
501 958 676 1024 Comitoius
696 965 788 1023 vetus
810 958 968 1044 interpres
985 983 1074 1025 more
1088 984 1146 1025 suo
1163 963 1263 1027 hebet

212 1064 306 1126 Dion.
321 1071 349 1126 et
363 1061 450 1125 Aee.
496 1061 654 1125 Additum
674 1083 757 1125 nunc
774 1070 910 1150 preestct
925 1065 1157 1129 ΑΛΕΞΑΝΔΡ.
1173 1065 1263 1128 οοιίον

211 1164 493 1227 Μισηαοιιιιίοοιιιο.

256 1268 293 1330 Ρ.
303 1287 378 1346 444.
393 1264 413 1328 l.
427 1280 458 1349 5.
481 1266 527 1326 ὅτι
542 1265 574 1326 δὲ
593 1265 695 1342 μόνοις
710 1265 775 1327 ἐστὶ
794 1270 856 1330 τοῖς
871 1267 967 1345 ἁγίοις
984 1268 1129 1348 γνώριμος
1149 1268 1261 1352 συνεὶς]

214 1368 299 1431 Mihi
314 1367 441 1451 quidem
456 1365 582 1429 videtur
597 1369 695 1432 συνεὶς
709 1388 767 1450 pro
788 1370 918 1444 σύνεσις,
935 1367 983 1431 vel
997 1368 1015 1446 ἡ
1030 1369 1161 1442 σύνεσις,
1176 1367 1261 1432 facili

213 1491 320 1534 errore
332 1491 400 1532 esse
415 1467 563 1553 positum.
590 1466 653 1530 Sed
665 1468 747 1541 vide,
763 1490 827 1552 que
841 1469 966 1533 ratione
980 1469 1049 1532 haec
1059 1477 1261 1554 exponantur

213 1594 233 1634 e
247 1571 270 1633 J
273 1571 347 1633 unio
361 1571 393 1633 in
409 1568 673 1653 interpretatione
688 1569 817 1632 Latine.
849 1571 905 1633 Ite
919 1591 993 1633 vero
1007 1570 1118 1635 melius
1133 1572 1259 1656 quidem

213 1673 366 1757 scriptum
387 1671 429 1735 cb
451 1679 582 1734 auctore
604 1678 697 1748 esset,
714 1675 814 1738 συνεὶς
835 1674 869 1735 δὲ
890 1673 936 1734 ὅτι
956 1674 1059 1750 μόνοις
1076 1676 1132 1737 διο.
1177 1675 1259 1737 Mox

213 1781 316 1849 excat,
347 1774 395 1837 xci
428 1776 465 1836 τὰ
494 1776 569 1852 ἑξῆς,
605 1796 675 1858 quae
704 1781 779 1838 eunt
813 1773 901 1840 αὐτὸς
932 1776 965 1837 δὲ
993 1773 1055 1837 οἶδε
1085 1774 1139 1838 τὸν
1167 1777 1260 1838 τόπον

214 1901 309 1952 cumr.

257 1977 438 2042 lbid.l.12.
461 1979 480 2057 ἡ
504 1978 586 2059 σοφὴ
608 1977 732 2061 βίβλος]
757 1977 928 2063 Appellata
954 1976 1029 2040 olim
1051 1976 1148 2041 fuisse
1173 1977 1259 2041 Sele

212 2078 313 2141 monis
330 2076 499 2142 Prooerds'c
520 2080 538 2158 ἡ
560 2081 664 2160 σοφία,
681 2100 753 2142 cum
775 2101 816 2142 ex
839 2081 1016 2155 Mmmonr,
1035 2086 1105 2141 tum
1126 2099 1168 2143 ex
1189 2079 1260 2143 eliis

211 2189 303 2264 petet
316 2181 511 2245 auctoribus.
543 2181 613 2245 Vid.
630 2203 727 2266 supra
741 2181 801 2245 vol.
814 2180 840 2244 l.
856 2203 887 2263 p.
905 2200 940 2266 ¹3
943 2196 976 2264 5.

255 2281 337 2346 lbid.
360 2282 380 2346 l.
401 2303 448 2366 13.
473 2283 575 2363 ἕτερον
600 2283 703 2363 ὅμοιον
728 2281 860 2366 γράμμα]
889 2282 964 2345 Vox
987 2283 1091 2361 ὅμοιον
1115 2302 1137 2345 a
1161 2280 1260 2345 codice

211 2384 301 2448 abest
319 2401 390 2468 751.
414 2394 448 2449 et
469 2385 637 2448 recentiori
659 2406 754 2448 mnnu
780 2385 893 2449 eddits
914 2391 964 2448 est
990 2384 1022 2446 in
1045 2383 1109 2447 cod.
1129 2386 1200 2466 176,
1225 2391 1259 2448 et

212 2485 302 2569 quasi
317 2484 487 2568 rejiciendo,
501 2485 544 2549 ab
559 2485 664 2570 aliquo
682 2492 816 2550 notetur
832 2485 865 2547 in
879 2485 944 2549 cod.
962 2485 1032 2567 178,
1048 2505 1105 2548 nec
1124 2485 1260 2569 denique

211 2594 334 2651 vertere
357 2609 428 2650 cem
454 2588 676 2671 dignatusest
699 2588 827 2652 dunius.
873 2588 984 2672 Neque
1005 2587 1039 2650 in
1063 2587 1162 2652 codice
1184 2588 1260 2651 olim

211 2690 404 2753 Meemcni
432 2711 493 2753 vox
522 2690 651 2754 invente
679 2698 738 2755 est.
785 2690 849 2754 Sed
878 2712 953 2755 vero
982 2698 1161 2775 agnoscunt
1182 2712 1258 2754 cen-

212 2789 284 2852 dem
310 2789 373 2853 duo
399 2789 491 2855 elteri
511 2790 592 2868 libri,
619 2791 703 2876 iique
727 2790 952 2876 antiquissimi,
976 2810 1048 2857 201.
1074 2798 1108 2855 et
1131 2810 1202 2875 ¹95·
1225 2798 1259 2855 et

212 2888 397 2954 comitolus.

256 2992 340 3057 Ibid.
363 2993 385 3057 Ι.
403 2996 452 3058 16.
475 2995 650 3077 ἐργατικῶν]
677 2995 752 3058 Ηοα
771 3016 830 3080 pro
853 2996 996 3077 ἐργατῶν
1016 2978 1096 3060 ίαπι
1109 3016 1149 3059 ex
1172 2995 1258 3059 codd.

214 3112 284 3177 195.
300 3102 334 3160 et
358 3099 429 3178 176.
450 3103 484 3160 et
505 3112 578 3181 751.
601 3102 671 3159 tum
693 3117 769 3160 vero
794 3119 836 3160 ex
859 3098 967 3161 Sacris
987 3095 1102 3160 Bittis
1123 3096 1258 3181 reposui.

211 3195 256 3259 Et
276 3198 421 3278 ἐργασιῶν
442 3198 527 3283 quod
542 3219 582 3261 ex
602 3197 687 3261 cedd.
703 3215 774 3263 201.
790 3206 825 3263 et
844 3199 915 3280 178.
931 3198 1066 3284 sumpsit
1086 3197 1108 3260 J
1109 3198 1211 3275 unius,
1226 3199 1259 3262 in

210 3299 358 3378 ἐργασιῶν
379 3298 447 3383 ipse
469 3299 537 3366 vult
556 3307 691 3364 mutere.
737 3300 830 3365 Nunc
843 3308 978 3387 praestet
998 3305 1157 3384 ἑργοτειῶν
1170 3300 1260 3364 οοιίαν

209 3399 413 3464 Meermcnm'.

254 3500 291 3565 P.
300 3518 376 3587 445.
388 3502 409 3567 l.
427 3523 455 3566 1.
472 3502 609 3589 ἀγαθῶν]
628 3503 701 3568 Ηοο
714 3504 757 3568 ed
771 3525 872 3589 marg.
888 3506 996 3591 posuit
1009 3504 1138 3581 Junius,
1148 3511 1185 3568 ut
1199 3504 1260 3567 iec-

210 3602 330 3667 tionem
345 3604 530 3683 variantem,
546 3628 605 3691 pro
619 3608 768 3687 ἁγαοτῶν,
785 3612 884 3691 etque
898 3606 946 3671 ita
960 3605 1109 3670 scribitur
1123 3604 1156 3669 in
1170 3604 1257 3668 codd.

213 3708 283 3785 176.
295 3713 329 3770 et
348 3725 385 3788 19
386 3726 418 3789 5.
432 3714 465 3771 ct
482 3724 556 3790 751.
601 3707 716 3792 Neque
729 3708 772 3772 ab
786 3707 837 3772 his
851 3708 1032 3792 disjungere
1046 3706 1121 3771 licet
1135 3711 1196 3771 vet.
1213 3706 1259 3770 in-

210 3813 384 3891 terpretem
410 3807 595 3873 Οοιαὶίοίιινι.
641 3808 759 3893 Recepi
782 3830 858 3894 ergo
883 3812 1013 3891 ἀγαθῶν,
1033 3809 1151 3894 quippe
1174 3808 1259 3892 quod

209 3907 321 3971 melius
340 3910 507 3973 convenire
530 3932 600 3975 cum
622 3911 827 3995 sequentibus
841 3911 976 3986 videtur,
992 3932 1089 3995 quem
1109 3914 1258 3992 ἀγαστῶν.

211 4009 242 4073 N
243 4031 302 4073 unc
317 4009 423 4075 fimet
439 4012 499 4076 hoc
513 4011 605 4077 nobis
619 4014 708 4079 eden
722 4013 794 4078 οίὶιιι
808 4014 1012 4079 Μιονιιιαιιιιὶ.

255 4110 336 4174 Ibid.
363 4116 392 4176 εί
414 4139 440 4177 τι
463 4116 578 4195 ἀγαθὸν
594 4116 665 4199 dre]
689 4115 745 4179 lta
763 4124 797 4180 et
818 4117 888 4181 cod.
906 4116 1000 4180 Alex.
1022 4120 1081 4178 τῶν
1096 4110 1133 4189 α’,
1153 4112 1258 4177 sedin

211 4214 261 4279 ed.
277 4212 424 4281 Romana
439 4216 530 4281 deest
544 4221 625 4299 παρὰ
637 4225 714 4283 ante
728 4220 828 4283 αὐτοῦ.
