<?xml version="1.0" encoding="UTF-8"?>
<!DOCTYPE html PUBLIC "-//W3C//DTD XHTML 1.0 Transitional//EN"
    "http://www.w3.org/TR/xhtml1/DTD/xhtml1-transitional.dtd">
<html xmlns="http://www.w3.org/1999/xhtml" xml:lang="en" lang="en">
 <head>
  <title>
</title>
<meta http-equiv="Content-Type" content="text/html;charset=utf-8" />
  <meta name='ocr-system' content='tesseract 3.04.00' />
  <meta name='ocr-capabilities' content='ocr_page ocr_carea ocr_par ocr_line ocrx_word'/>
</head>
<body>
  <div class='ocr_page' id='page_1' title='image "./reliquiaesacrae12routgoog_0433.png"; bbox 0 0 3242 5150; ppageno 0'>
   <div class='ocr_carea' id='block_1_1' title="bbox 292 395 1234 463">
    <p class='ocr_par' dir='ltr' id='par_1_1' title="bbox 292 395 1234 463">
     <span class='ocr_line' id='line_1_1' title="bbox 292 395 1234 463; baseline 0.004 -5"><span class='ocrx_word' id='word_1_1' title='bbox 292 395 343 458; x_wconf 94' lang='lat' dir='ltr'><strong>IN</strong></span> <span class='ocrx_word' id='word_1_2' title='bbox 369 398 402 460; x_wconf 90' lang='lat' dir='ltr'><strong>S.</strong></span> <span class='ocrx_word' id='word_1_3' title='bbox 428 397 650 460; x_wconf 83' lang='lat' dir='ltr'>DIONYSII</span> <span class='ocrx_word' id='word_1_4' title='bbox 673 399 794 463; x_wconf 87' lang='lat' dir='ltr'><strong>LIBB.</strong></span> <span class='ocrx_word' id='word_1_5' title='bbox 821 399 884 462; x_wconf 88' lang='lat' dir='ltr'><strong>DE</strong></span> <span class='ocrx_word' id='word_1_6' title='bbox 911 398 1124 462; x_wconf 83' lang='lat' dir='ltr'><strong>NATURA.</strong></span> <span class='ocrx_word' id='word_1_7' title='bbox 1170 400 1234 462; x_wconf 68' lang='lat'><strong>423</strong></span> 
     </span>
    </p>
   </div>
   <div class='ocr_carea' id='block_1_2' title="bbox 185 565 1234 960">
    <p class='ocr_par' dir='ltr' id='par_1_2' title="bbox 185 565 1234 752">
     <span class='ocr_line' id='line_1_2' title="bbox 187 565 1234 653; baseline 0.005 -25"><span class='ocrx_word' id='word_1_8' title='bbox 187 565 316 629; x_wconf 87' lang='lat' dir='ltr'><strong>Eusebii</strong></span> <span class='ocrx_word' id='word_1_9' title='bbox 328 588 424 651; x_wconf 88' lang='lat' dir='ltr'><strong>opere</strong></span> <span class='ocrx_word' id='word_1_10' title='bbox 435 567 467 629; x_wconf 96' lang='lat' dir='ltr'><strong>in</strong></span> <span class='ocrx_word' id='word_1_11' title='bbox 476 567 537 630; x_wconf 84' lang='lat' dir='ltr'><strong>vol.</strong></span> <span class='ocrx_word' id='word_1_12' title='bbox 549 567 595 630; x_wconf 94' lang='lat' dir='ltr'><strong>Il.</strong></span> <span class='ocrx_word' id='word_1_13' title='bbox 607 568 776 653; x_wconf 78' lang='lat' dir='ltr'><strong>desumpsi,</strong></span> <span class='ocrx_word' id='word_1_14' title='bbox 788 590 820 653; x_wconf 90' lang='lat' dir='ltr'><strong>p.</strong></span> <span class='ocrx_word' id='word_1_15' title='bbox 834 570 904 632; x_wconf 84' lang='lat'><strong>108.</strong></span> <span class='ocrx_word' id='word_1_16' title='bbox 934 567 1099 651; x_wconf 76' lang='grc' dir='ltr'>Ἀγένητον</span> <span class='ocrx_word' id='word_1_17' title='bbox 1113 569 1234 635; x_wconf 76' lang='lat' dir='ltr'><strong>hahent</strong></span> 
     </span>
     <span class='ocr_line' id='line_1_3' title="bbox 185 668 609 752; baseline 0.005 -22"><span class='ocrx_word' id='word_1_18' title='bbox 185 668 245 730; x_wconf 85' lang='lat' dir='ltr'><strong>duo</strong></span> <span class='ocrx_word' id='word_1_19' title='bbox 258 668 367 752; x_wconf 71' lang='lat' dir='ltr'><strong>scripti</strong></span> <span class='ocrx_word' id='word_1_20' title='bbox 384 669 609 752; x_wconf 70' lang='lat' dir='ltr'><strong>Gumsordiuui.</strong></span> 
     </span>
    </p>

    <p class='ocr_par' dir='ltr' id='par_1_3' title="bbox 186 769 1234 960">
     <span class='ocr_line' id='line_1_4' title="bbox 229 769 1233 856; baseline 0.005 -25"><span class='ocrx_word' id='word_1_21' title='bbox 229 769 269 832; x_wconf 91' lang='lat' dir='ltr'><strong>P.</strong></span> <span class='ocrx_word' id='word_1_22' title='bbox 281 791 356 856; x_wconf 88' lang='lat'><strong>394.</strong></span> <span class='ocrx_word' id='word_1_23' title='bbox 380 771 401 834; x_wconf 94' lang='lat' dir='ltr'><strong>l.</strong></span> <span class='ocrx_word' id='word_1_24' title='bbox 417 791 466 833; x_wconf 83' lang='lat'><strong>11.</strong></span> <span class='ocrx_word' id='word_1_25' title='bbox 492 774 540 834; x_wconf 74' lang='grc' dir='ltr'><strong>διὸ</strong></span> <span class='ocrx_word' id='word_1_26' title='bbox 560 771 595 835; x_wconf 81' lang='grc' dir='ltr'><strong>τὸ</strong></span> <span class='ocrx_word' id='word_1_27' title='bbox 612 771 846 854; x_wconf 77' lang='grc' dir='ltr'>πολυσχήμονας</span> <span class='ocrx_word' id='word_1_28' title='bbox 865 773 971 856; x_wconf 80' lang='grc' dir='ltr'>οὔσας]</span> <span class='ocrx_word' id='word_1_29' title='bbox 996 772 1049 837; x_wconf 87' lang='lat' dir='ltr'><strong>Sic</strong></span> <span class='ocrx_word' id='word_1_30' title='bbox 1063 793 1122 856; x_wconf 86' lang='lat' dir='ltr'><strong>pro</strong></span> <span class='ocrx_word' id='word_1_31' title='bbox 1137 776 1185 838; x_wconf 74' lang='grc' dir='ltr'><strong>διὰ</strong></span> <span class='ocrx_word' id='word_1_32' title='bbox 1199 773 1233 837; x_wconf 85' lang='grc' dir='ltr'><strong>τὸ</strong></span> 
     </span>
     <span class='ocr_line' id='line_1_5' title="bbox 186 873 1234 960; baseline 0.005 -27"><span class='ocrx_word' id='word_1_33' title='bbox 186 873 383 954; x_wconf 81' lang='grc' dir='ltr'>πολύσχημον</span> <span class='ocrx_word' id='word_1_34' title='bbox 397 875 473 938; x_wconf 74' lang='lat' dir='ltr'><strong>MS.</strong></span> <span class='ocrx_word' id='word_1_35' title='bbox 491 876 524 938; x_wconf 77' lang='lat' dir='ltr'><strong>S.</strong></span> <span class='ocrx_word' id='word_1_36' title='bbox 539 874 632 938; x_wconf 87' lang='lat' dir='ltr'><strong>quu.</strong></span> <span class='ocrx_word' id='word_1_37' title='bbox 650 886 684 938; x_wconf 83' lang='lat' dir='ltr'><strong>et</strong></span> <span class='ocrx_word' id='word_1_38' title='bbox 703 885 835 959; x_wconf 78' lang='lat' dir='ltr'><strong>quatuor</strong></span> <span class='ocrx_word' id='word_1_39' title='bbox 848 897 863 938; x_wconf 85' lang='lat' dir='ltr'><strong>c</strong></span> <span class='ocrx_word' id='word_1_40' title='bbox 878 873 1029 939; x_wconf 77' lang='lat' dir='ltr'><strong>codicibus</strong></span> <span class='ocrx_word' id='word_1_41' title='bbox 1048 875 1080 938; x_wconf 92' lang='lat' dir='ltr'><strong>in</strong></span> <span class='ocrx_word' id='word_1_42' title='bbox 1096 875 1234 960; x_wconf 78' lang='lat' dir='ltr'><strong>gratiam</strong></span> 
     </span>
    </p>
   </div>
   <div class='ocr_carea' id='block_1_3' title="bbox 186 972 1375 1061">
    <p class='ocr_par' dir='ltr' id='par_1_4' title="bbox 186 972 1375 1061">
     <span class='ocr_line' id='line_1_6' title="bbox 186 972 1375 1061; baseline 0.005 -26"><span class='ocrx_word' id='word_1_43' title='bbox 186 972 225 1035; x_wconf 90' lang='lat' dir='ltr'><strong>cl.</strong></span> <span class='ocrx_word' id='word_1_44' title='bbox 242 973 403 1038; x_wconf 83' lang='lat' dir='ltr'><strong>Gaislordi</strong></span> <span class='ocrx_word' id='word_1_45' title='bbox 418 974 552 1052; x_wconf 84' lang='lat' dir='ltr'><strong>collatis,</strong></span> <span class='ocrx_word' id='word_1_46' title='bbox 567 975 627 1039; x_wconf 85' lang='lat' dir='ltr'><strong>duo</strong></span> <span class='ocrx_word' id='word_1_47' title='bbox 640 975 701 1039; x_wconf 82' lang='lat' dir='ltr'><strong>clii</strong></span> <span class='ocrx_word' id='word_1_48' title='bbox 715 979 1016 1059; x_wconf 78' lang='grc' dir='ltr'>πολνσχημονούσας.</span> <span class='ocrx_word' id='word_1_49' title='bbox 1055 976 1147 1040; x_wconf 88' lang='lat' dir='ltr'><strong>Nunc</strong></span> <span class='ocrx_word' id='word_1_50' title='bbox 1162 998 1234 1041; x_wconf 91' lang='lat' dir='ltr'><strong>eum</strong></span> <span class='ocrx_word' id='word_1_51' title='bbox 1366 1043 1375 1061; x_wconf 62' lang='lat'>‚</span> 
     </span>
    </p>
   </div>
   <div class='ocr_carea' id='block_1_4' title="bbox 187 1077 1241 4317">
    <p class='ocr_par' dir='ltr' id='par_1_5' title="bbox 187 1077 553 1163">
     <span class='ocr_line' id='line_1_7' title="bbox 187 1077 553 1163; baseline 0.008 -25"><span class='ocrx_word' id='word_1_52' title='bbox 187 1081 314 1139; x_wconf 81' lang='lat' dir='ltr'><strong>seculus</strong></span> <span class='ocrx_word' id='word_1_53' title='bbox 329 1077 425 1140; x_wconf 89' lang='lat' dir='ltr'><strong>verba</strong></span> <span class='ocrx_word' id='word_1_54' title='bbox 439 1077 553 1163; x_wconf 88' lang='lat' dir='ltr'><strong>recepi.</strong></span> 
     </span>
    </p>

    <p class='ocr_par' dir='ltr' id='par_1_6' title="bbox 187 1163 1236 1876">
     <span class='ocr_line' id='line_1_8' title="bbox 232 1163 1234 1264; baseline 0.003 -25"><span class='ocrx_word' id='word_1_55' title='bbox 232 1177 316 1240; x_wconf 94' lang='lat' dir='ltr'><strong>Ibid.</strong></span> <span class='ocrx_word' id='word_1_56' title='bbox 332 1177 353 1241; x_wconf 94' lang='lat' dir='ltr'><strong>l.</strong></span> <span class='ocrx_word' id='word_1_57' title='bbox 372 1199 418 1254; x_wconf 88' lang='lat'><strong>14.</strong></span> <span class='ocrx_word' id='word_1_58' title='bbox 442 1179 613 1262; x_wconf 79' lang='grc' dir='ltr'>ἀποτελεῖν]</span> <span class='ocrx_word' id='word_1_59' title='bbox 640 1180 797 1263; x_wconf 91' lang='lat' dir='ltr'><strong>Perquam</strong></span> <span class='ocrx_word' id='word_1_60' title='bbox 821 1184 899 1260; x_wconf 73' lang='lat' dir='ltr'><strong>apte</strong></span> <span class='ocrx_word' id='word_1_61' title='bbox 922 1178 972 1242; x_wconf 91' lang='lat' dir='ltr'><strong>his</strong></span> <span class='ocrx_word' id='word_1_62' title='bbox 994 1177 1097 1242; x_wconf 81' lang='lat' dir='ltr'><strong>verbis</strong></span> <span class='ocrx_word' id='word_1_63' title='bbox 1119 1163 1234 1264; x_wconf 75' lang='lat' dir='ltr'><strong>erponi</strong></span> 
     </span>
     <span class='ocr_line' id='line_1_9' title="bbox 187 1279 1231 1364; baseline 0.004 -24"><span class='ocrx_word' id='word_1_64' title='bbox 187 1279 317 1343; x_wconf 83' lang='lat' dir='ltr'><strong>decreta</strong></span> <span class='ocrx_word' id='word_1_65' title='bbox 333 1279 491 1363; x_wconf 87' lang='lat' dir='ltr'><strong>Epicurea</strong></span> <span class='ocrx_word' id='word_1_66' title='bbox 506 1279 546 1343; x_wconf 90' lang='lat' dir='ltr'><strong>de</strong></span> <span class='ocrx_word' id='word_1_67' title='bbox 563 1280 689 1356; x_wconf 84' lang='lat' dir='ltr'><strong>atomis,</strong></span> <span class='ocrx_word' id='word_1_68' title='bbox 704 1279 751 1344; x_wconf 80' lang='lat' dir='ltr'><strong>ait</strong></span> <span class='ocrx_word' id='word_1_69' title='bbox 770 1280 970 1344; x_wconf 76' lang='lat' dir='ltr'><strong>doctissimus</strong></span> <span class='ocrx_word' id='word_1_70' title='bbox 991 1279 1231 1364; x_wconf 73' lang='lat' dir='ltr'><strong>Stillingfletns3</strong></span> 
     </span>
     <span class='ocr_line' id='line_1_10' title="bbox 187 1381 1234 1467; baseline 0.001 -23"><span class='ocrx_word' id='word_1_71' title='bbox 187 1383 240 1465; x_wconf 93' lang='lat' dir='ltr'><strong>qui</strong></span> <span class='ocrx_word' id='word_1_72' title='bbox 252 1389 285 1445; x_wconf 83' lang='lat' dir='ltr'><strong>et</strong></span> <span class='ocrx_word' id='word_1_73' title='bbox 296 1383 446 1445; x_wconf 83' lang='lat' dir='ltr'><strong>lectorem</strong></span> <span class='ocrx_word' id='word_1_74' title='bbox 461 1405 553 1446; x_wconf 89' lang='lat' dir='ltr'><strong>suum</strong></span> <span class='ocrx_word' id='word_1_75' title='bbox 564 1382 738 1459; x_wconf 79' lang='lat' dir='ltr'>admonuit,</span> <span class='ocrx_word' id='word_1_76' title='bbox 749 1382 914 1446; x_wconf 90' lang='lat' dir='ltr'><strong>convenire</strong></span> <span class='ocrx_word' id='word_1_77' title='bbox 925 1405 964 1447; x_wconf 85' lang='lat' dir='ltr'><strong>aa</strong></span> <span class='ocrx_word' id='word_1_78' title='bbox 974 1404 1046 1446; x_wconf 93' lang='lat' dir='ltr'><strong>cum</strong></span> <span class='ocrx_word' id='word_1_79' title='bbox 1056 1381 1234 1467; x_wconf 79' lang='lat' dir='ltr'><strong>philosophi</strong></span> 
     </span>
     <span class='ocr_line' id='line_1_11' title="bbox 187 1483 1233 1569; baseline 0 -24"><span class='ocrx_word' id='word_1_80' title='bbox 187 1483 286 1567; x_wconf 81' lang='lat' dir='ltr'><strong>ipsius</strong></span> <span class='ocrx_word' id='word_1_81' title='bbox 300 1483 395 1547; x_wconf 82' lang='lat' dir='ltr'><strong>dictis</strong></span> <span class='ocrx_word' id='word_1_82' title='bbox 414 1483 446 1547; x_wconf 93' lang='lat' dir='ltr'><strong>in</strong></span> <span class='ocrx_word' id='word_1_83' title='bbox 461 1483 603 1568; x_wconf 77' lang='lat' dir='ltr'><strong>epistolis</strong></span> <span class='ocrx_word' id='word_1_84' title='bbox 617 1485 685 1569; x_wconf 88' lang='lat' dir='ltr'><strong>ejus</strong></span> <span class='ocrx_word' id='word_1_85' title='bbox 704 1485 747 1547; x_wconf 86' lang='lat' dir='ltr'><strong>ad</strong></span> <span class='ocrx_word' id='word_1_86' title='bbox 762 1485 965 1550; x_wconf 82' lang='lat' dir='ltr'><strong>Herodotum</strong></span> <span class='ocrx_word' id='word_1_87' title='bbox 983 1493 1016 1549; x_wconf 80' lang='lat' dir='ltr'><strong>et</strong></span> <span class='ocrx_word' id='word_1_88' title='bbox 1035 1483 1233 1569; x_wconf 80' lang='lat' dir='ltr'>Pythoclem,</span> 
     </span>
     <span class='ocr_line' id='line_1_12' title="bbox 189 1586 1236 1672; baseline 0.001 -24"><span class='ocrx_word' id='word_1_89' title='bbox 189 1607 259 1669; x_wconf 85' lang='lat' dir='ltr'><strong>quae</strong></span> <span class='ocrx_word' id='word_1_90' title='bbox 276 1593 455 1669; x_wconf 82' lang='lat' dir='ltr'><strong>supersunt,</strong></span> <span class='ocrx_word' id='word_1_91' title='bbox 469 1592 540 1649; x_wconf 80' lang='lat' dir='ltr'><strong>tum</strong></span> <span class='ocrx_word' id='word_1_92' title='bbox 559 1586 657 1650; x_wconf 81' lang='lat' dir='ltr'><strong>etiam</strong></span> <span class='ocrx_word' id='word_1_93' title='bbox 677 1608 750 1649; x_wconf 92' lang='lat' dir='ltr'><strong>cum</strong></span> <span class='ocrx_word' id='word_1_94' title='bbox 766 1586 931 1651; x_wconf 78' lang='lat' dir='ltr'><strong>Plutarchi</strong></span> <span class='ocrx_word' id='word_1_95' title='bbox 951 1589 1019 1670; x_wconf 88' lang='lat' dir='ltr'><strong>[seu</strong></span> <span class='ocrx_word' id='word_1_96' title='bbox 1034 1586 1141 1672; x_wconf 80' lang='lat' dir='ltr'><strong>polius</strong></span> <span class='ocrx_word' id='word_1_97' title='bbox 1155 1586 1236 1650; x_wconf 89' lang='lat' dir='ltr'><strong>alius</strong></span> 
     </span>
     <span class='ocr_line' id='line_1_13' title="bbox 189 1686 1236 1773; baseline 0 -22"><span class='ocrx_word' id='word_1_98' title='bbox 189 1688 352 1772; x_wconf 84' lang='lat' dir='ltr'><strong>cujusdam</strong></span> <span class='ocrx_word' id='word_1_99' title='bbox 373 1689 527 1773; x_wconf 81' lang='lat' dir='ltr'><strong>auctoris]</strong></span> <span class='ocrx_word' id='word_1_100' title='bbox 547 1711 643 1771; x_wconf 90' lang='lat' dir='ltr'><strong>opere</strong></span> <span class='ocrx_word' id='word_1_101' title='bbox 660 1691 710 1754; x_wconf 82' lang='lat' dir='ltr'><strong>De</strong></span> <span class='ocrx_word' id='word_1_102' title='bbox 734 1688 867 1752; x_wconf 81' lang='lat' dir='ltr'><strong>Plccitis</strong></span> <span class='ocrx_word' id='word_1_103' title='bbox 886 1688 1133 1773; x_wconf 72' lang='lat' dir='ltr'><strong>Philosophorum</strong></span> <span class='ocrx_word' id='word_1_104' title='bbox 1147 1687 1201 1750; x_wconf 91' lang='lat' dir='ltr'><strong>lib.</strong></span> <span class='ocrx_word' id='word_1_105' title='bbox 1214 1686 1236 1751; x_wconf 93' lang='lat' dir='ltr'><strong>i.</strong></span> 
     </span>
     <span class='ocr_line' id='line_1_14' title="bbox 189 1790 1158 1876; baseline 0 -24"><span class='ocrx_word' id='word_1_106' title='bbox 189 1811 256 1872; x_wconf 87' lang='lat' dir='ltr'><strong>cap.</strong></span> <span class='ocrx_word' id='word_1_107' title='bbox 267 1812 296 1866; x_wconf 88' lang='lat'><strong>4.</strong></span> <span class='ocrx_word' id='word_1_108' title='bbox 343 1790 423 1853; x_wconf 83' lang='lat' dir='ltr'><strong>Vide</strong></span> <span class='ocrx_word' id='word_1_109' title='bbox 441 1791 579 1875; x_wconf 72' lang='lat' dir='ltr'><strong>Oripiucs</strong></span> <span class='ocrx_word' id='word_1_110' title='bbox 594 1791 661 1876; x_wconf 88' lang='lat' dir='ltr'><strong>ejus</strong></span> <span class='ocrx_word' id='word_1_111' title='bbox 676 1793 791 1855; x_wconf 79' lang='lat' dir='ltr'><strong>Sacros</strong></span> <span class='ocrx_word' id='word_1_112' title='bbox 810 1791 864 1876; x_wconf 86' lang='lat' dir='ltr'><strong>lib.</strong></span> <span class='ocrx_word' id='word_1_113' title='bbox 877 1790 921 1854; x_wconf 93' lang='lat' dir='ltr'><strong>iii.</strong></span> <span class='ocrx_word' id='word_1_114' title='bbox 937 1812 1005 1874; x_wconf 87' lang='lat' dir='ltr'><strong>cap.</strong></span> <span class='ocrx_word' id='word_1_115' title='bbox 1017 1809 1046 1854; x_wconf 85' lang='lat'><strong>2.</strong></span> <span class='ocrx_word' id='word_1_116' title='bbox 1063 1790 1092 1870; x_wconf 64' lang='grc' dir='ltr'><strong>ξ.</strong></span> <span class='ocrx_word' id='word_1_117' title='bbox 1109 1810 1158 1853; x_wconf 88' lang='lat'><strong>11.</strong></span> 
     </span>
    </p>

    <p class='ocr_par' dir='ltr' id='par_1_7' title="bbox 188 1890 1240 2893">
     <span class='ocr_line' id='line_1_15' title="bbox 233 1890 1237 1979; baseline 0 -27"><span class='ocrx_word' id='word_1_118' title='bbox 233 1890 315 1954; x_wconf 92' lang='lat' dir='ltr'><strong>Ibid.</strong></span> <span class='ocrx_word' id='word_1_119' title='bbox 336 1891 357 1953; x_wconf 91' lang='lat' dir='ltr'><strong>l.</strong></span> <span class='ocrx_word' id='word_1_120' title='bbox 375 1893 421 1955; x_wconf 81' lang='lat'><strong>16.</strong></span> <span class='ocrx_word' id='word_1_121' title='bbox 441 1893 521 1979; x_wconf 77' lang='grc' dir='ltr'>ὅδὲ]</span> <span class='ocrx_word' id='word_1_122' title='bbox 545 1892 625 1957; x_wconf 82' lang='lat' dir='ltr'><strong>Gum</strong></span> <span class='ocrx_word' id='word_1_123' title='bbox 643 1893 782 1976; x_wconf 88' lang='lat' dir='ltr'><strong>positum</strong></span> <span class='ocrx_word' id='word_1_124' title='bbox 802 1892 846 1957; x_wconf 77' lang='lat' dir='ltr'><strong>sit</strong></span> <span class='ocrx_word' id='word_1_125' title='bbox 860 1895 877 1956; x_wconf 88' lang='grc' dir='ltr'>ὁ</span> <span class='ocrx_word' id='word_1_126' title='bbox 893 1893 1077 1971; x_wconf 78' lang='grc' dir='ltr'>Δημόκριτος</span> <span class='ocrx_word' id='word_1_127' title='bbox 1096 1890 1129 1953; x_wconf 92' lang='lat' dir='ltr'><strong>in</strong></span> <span class='ocrx_word' id='word_1_128' title='bbox 1144 1890 1237 1953; x_wconf 71' lang='lat' dir='ltr'><strong>Muto</strong></span> 
     </span>
     <span class='ocr_line' id='line_1_16' title="bbox 192 1992 1237 2079; baseline 0 -24"><span class='ocrx_word' id='word_1_129' title='bbox 192 1992 265 2056; x_wconf 75' lang='lat' dir='ltr'><strong>coll.</strong></span> <span class='ocrx_word' id='word_1_130' title='bbox 278 1994 314 2055; x_wconf 75' lang='lat' dir='ltr'><strong>S.</strong></span> <span class='ocrx_word' id='word_1_131' title='bbox 329 1994 421 2057; x_wconf 87' lang='lat' dir='ltr'><strong>quu.</strong></span> <span class='ocrx_word' id='word_1_132' title='bbox 445 2015 509 2056; x_wconf 93' lang='lat' dir='ltr'><strong>non</strong></span> <span class='ocrx_word' id='word_1_133' title='bbox 531 1994 582 2057; x_wconf 94' lang='lat' dir='ltr'><strong>hic</strong></span> <span class='ocrx_word' id='word_1_134' title='bbox 604 2001 641 2058; x_wconf 79' lang='lat' dir='ltr'><strong>ut</strong></span> <span class='ocrx_word' id='word_1_135' title='bbox 663 1994 754 2071; x_wconf 82' lang='lat' dir='ltr'><strong>solet,</strong></span> <span class='ocrx_word' id='word_1_136' title='bbox 771 1996 826 2060; x_wconf 89' lang='lat' dir='ltr'><strong>sed</strong></span> <span class='ocrx_word' id='word_1_137' title='bbox 849 1995 993 2079; x_wconf 85' lang='lat' dir='ltr'><strong>proxime</strong></span> <span class='ocrx_word' id='word_1_138' title='bbox 1011 2005 1087 2057; x_wconf 82' lang='lat' dir='ltr'><strong>ante</strong></span> <span class='ocrx_word' id='word_1_139' title='bbox 1106 1993 1237 2056; x_wconf 86' lang='lat' dir='ltr'><strong>verbum</strong></span> 
     </span>
     <span class='ocr_line' id='line_1_17' title="bbox 188 2094 1237 2180; baseline 0 -22"><span class='ocrx_word' id='word_1_140' title='bbox 188 2094 354 2168; x_wconf 79' lang='grc' dir='ltr'>ὑπέλαβεν,</span> <span class='ocrx_word' id='word_1_141' title='bbox 380 2118 421 2158; x_wconf 86' lang='lat' dir='ltr'><strong>ex</strong></span> <span class='ocrx_word' id='word_1_142' title='bbox 442 2096 585 2180; x_wconf 84' lang='lat' dir='ltr'><strong>margine</strong></span> <span class='ocrx_word' id='word_1_143' title='bbox 608 2096 705 2180; x_wconf 81' lang='lat' dir='ltr'><strong>igitur</strong></span> <span class='ocrx_word' id='word_1_144' title='bbox 726 2097 760 2159; x_wconf 92' lang='lat' dir='ltr'><strong>in</strong></span> <span class='ocrx_word' id='word_1_145' title='bbox 782 2105 908 2162; x_wconf 83' lang='lat' dir='ltr'><strong>textum</strong></span> <span class='ocrx_word' id='word_1_146' title='bbox 934 2095 1099 2159; x_wconf 83' lang='lat' dir='ltr'><strong>devectum</strong></span> <span class='ocrx_word' id='word_1_147' title='bbox 1122 2116 1237 2158; x_wconf 91' lang='lat' dir='ltr'><strong>nomen</strong></span> 
     </span>
     <span class='ocr_line' id='line_1_18' title="bbox 188 2195 1238 2284; baseline -0.001 -24"><span class='ocrx_word' id='word_1_148' title='bbox 188 2197 275 2260; x_wconf 83' lang='lat' dir='ltr'><strong>istud</strong></span> <span class='ocrx_word' id='word_1_149' title='bbox 290 2198 424 2273; x_wconf 84' lang='lat' dir='ltr'><strong>videtur,</strong></span> <span class='ocrx_word' id='word_1_150' title='bbox 441 2220 504 2282; x_wconf 93' lang='lat' dir='ltr'><strong>quo</strong></span> <span class='ocrx_word' id='word_1_151' title='bbox 524 2198 651 2282; x_wconf 89' lang='lat' dir='ltr'><strong>quidem</strong></span> <span class='ocrx_word' id='word_1_152' title='bbox 670 2220 734 2262; x_wconf 93' lang='lat' dir='ltr'><strong>non</strong></span> <span class='ocrx_word' id='word_1_153' title='bbox 754 2222 835 2284; x_wconf 87' lang='lat' dir='ltr'><strong>opus</strong></span> <span class='ocrx_word' id='word_1_154' title='bbox 852 2206 911 2263; x_wconf 77' lang='lat' dir='ltr'><strong>est.</strong></span> <span class='ocrx_word' id='word_1_155' title='bbox 957 2196 1108 2261; x_wconf 82' lang='lat' dir='ltr'><strong>Ceterum</strong></span> <span class='ocrx_word' id='word_1_156' title='bbox 1128 2195 1238 2260; x_wconf 85' lang='lat' dir='ltr'><strong>Varro</strong></span> 
     </span>
     <span class='ocr_line' id='line_1_19' title="bbox 188 2298 1240 2386; baseline -0.001 -24"><span class='ocrx_word' id='word_1_157' title='bbox 188 2301 275 2380; x_wconf 92' lang='lat' dir='ltr'><strong>apud</strong></span> <span class='ocrx_word' id='word_1_158' title='bbox 291 2300 484 2376; x_wconf 78' lang='lat' dir='ltr'><strong>Ciceronem,</strong></span> <span class='ocrx_word' id='word_1_159' title='bbox 500 2301 577 2364; x_wconf 87' lang='lat' dir='ltr'><strong>Jam</strong></span> <span class='ocrx_word' id='word_1_160' title='bbox 591 2323 666 2378; x_wconf 81' lang='lat' dir='ltr'><strong>vcro,</strong></span> <span class='ocrx_word' id='word_1_161' title='bbox 682 2301 797 2385; x_wconf 78' lang='lat' dir='ltr'><strong>inquil,</strong></span> <span class='ocrx_word' id='word_1_162' title='bbox 805 2302 945 2386; x_wconf 72' lang='lat' dir='ltr'><strong>physice,</strong></span> <span class='ocrx_word' id='word_1_163' title='bbox 960 2300 989 2363; x_wconf 83' lang='lat' dir='ltr'><strong>ai</strong></span> <span class='ocrx_word' id='word_1_164' title='bbox 1003 2300 1186 2383; x_wconf 78' lang='lat' dir='ltr'><strong>Epicurum,</strong></span> <span class='ocrx_word' id='word_1_165' title='bbox 1202 2298 1240 2362; x_wconf 83' lang='lat' dir='ltr'><strong>id</strong></span> 
     </span>
     <span class='ocr_line' id='line_1_20' title="bbox 189 2400 1233 2486; baseline -0.001 -23"><span class='ocrx_word' id='word_1_166' title='bbox 189 2409 239 2478; x_wconf 79' lang='lat' dir='ltr'><strong>eat,</strong></span> <span class='ocrx_word' id='word_1_167' title='bbox 254 2403 282 2463; x_wconf 83' lang='lat' dir='ltr'><strong>si</strong></span> <span class='ocrx_word' id='word_1_168' title='bbox 296 2401 514 2473; x_wconf 78' lang='lat' dir='ltr'><strong>Democritum,</strong></span> <span class='ocrx_word' id='word_1_169' title='bbox 524 2401 699 2485; x_wconf 80' lang='lat' dir='ltr'><strong>probarem,</strong></span> <span class='ocrx_word' id='word_1_170' title='bbox 712 2425 829 2486; x_wconf 81' lang='lat' dir='ltr'><strong>possem</strong></span> <span class='ocrx_word' id='word_1_171' title='bbox 843 2401 970 2465; x_wconf 81' lang='lat' dir='ltr'><strong>scrihere</strong></span> <span class='ocrx_word' id='word_1_172' title='bbox 986 2404 1043 2465; x_wconf 75' lang='lat' dir='ltr'><strong>&amp;u</strong></span> <span class='ocrx_word' id='word_1_173' title='bbox 1060 2400 1233 2464; x_wconf 76' lang='lat' dir='ltr'><strong>Academia</strong></span> 
     </span>
     <span class='ocr_line' id='line_1_21' title="bbox 189 2501 1238 2590; baseline 0 -26"><span class='ocrx_word' id='word_1_174' title='bbox 189 2502 242 2566; x_wconf 93' lang='lat' dir='ltr'><strong>lib.</strong></span> <span class='ocrx_word' id='word_1_175' title='bbox 255 2502 274 2565; x_wconf 90' lang='lat' dir='ltr'><strong>i.</strong></span> <span class='ocrx_word' id='word_1_176' title='bbox 291 2523 360 2587; x_wconf 89' lang='lat' dir='ltr'><strong>cap.</strong></span> <span class='ocrx_word' id='word_1_177' title='bbox 372 2523 400 2568; x_wconf 74' lang='grc' dir='ltr'><strong>ν.</strong></span> <span class='ocrx_word' id='word_1_178' title='bbox 446 2503 610 2567; x_wconf 81' lang='lat' dir='ltr'><strong>Nonnulla</strong></span> <span class='ocrx_word' id='word_1_179' title='bbox 627 2526 711 2581; x_wconf 89' lang='lat' dir='ltr'><strong>vero,</strong></span> <span class='ocrx_word' id='word_1_180' title='bbox 726 2505 783 2568; x_wconf 89' lang='lat' dir='ltr'><strong>sed</strong></span> <span class='ocrx_word' id='word_1_181' title='bbox 803 2526 972 2590; x_wconf 84' lang='lat' dir='ltr'><strong>perpauca,</strong></span> <span class='ocrx_word' id='word_1_182' title='bbox 993 2503 1141 2567; x_wconf 70' lang='lat' dir='ltr'><strong>mutabat</strong></span> <span class='ocrx_word' id='word_1_183' title='bbox 1161 2501 1238 2586; x_wconf 84' lang='lat' dir='ltr'><strong>Epi-</strong></span> 
     </span>
     <span class='ocr_line' id='line_1_22' title="bbox 190 2604 1236 2684; baseline -0.002 -16"><span class='ocrx_word' id='word_1_184' title='bbox 190 2626 295 2680; x_wconf 89' lang='lat' dir='ltr'><strong>curus,</strong></span> <span class='ocrx_word' id='word_1_185' title='bbox 318 2611 402 2668; x_wconf 83' lang='lat' dir='ltr'><strong>teste</strong></span> <span class='ocrx_word' id='word_1_186' title='bbox 424 2606 535 2668; x_wconf 92' lang='lat' dir='ltr'><strong>eodem</strong></span> <span class='ocrx_word' id='word_1_187' title='bbox 557 2605 717 2684; x_wconf 84' lang='lat' dir='ltr'><strong>(licerone,</strong></span> <span class='ocrx_word' id='word_1_188' title='bbox 737 2608 786 2670; x_wconf 87' lang='lat' dir='ltr'><strong>De</strong></span> <span class='ocrx_word' id='word_1_189' title='bbox 804 2605 949 2683; x_wconf 75' lang='lat' dir='ltr'><strong>Finibus,</strong></span> <span class='ocrx_word' id='word_1_190' title='bbox 963 2606 983 2668; x_wconf 94' lang='lat' dir='ltr'><strong>i.</strong></span> <span class='ocrx_word' id='word_1_191' title='bbox 999 2608 1028 2668; x_wconf 94' lang='lat'><strong>6.</strong></span> <span class='ocrx_word' id='word_1_192' title='bbox 1045 2612 1079 2670; x_wconf 82' lang='lat' dir='ltr'><strong>et</strong></span> <span class='ocrx_word' id='word_1_193' title='bbox 1093 2606 1141 2669; x_wconf 87' lang='lat' dir='ltr'><strong>Dc</strong></span> <span class='ocrx_word' id='word_1_194' title='bbox 1155 2604 1236 2667; x_wconf 75' lang='lat' dir='ltr'><strong>Nol.</strong></span> 
     </span>
     <span class='ocr_line' id='line_1_23' title="bbox 191 2706 1237 2792; baseline 0 -24"><span class='ocrx_word' id='word_1_195' title='bbox 191 2709 280 2769; x_wconf 85' lang='lat' dir='ltr'><strong>Decr.</strong></span> <span class='ocrx_word' id='word_1_196' title='bbox 297 2706 317 2769; x_wconf 92' lang='lat' dir='ltr'><strong>i.</strong></span> <span class='ocrx_word' id='word_1_197' title='bbox 335 2708 385 2770; x_wconf 85' lang='lat'><strong>26.</strong></span> <span class='ocrx_word' id='word_1_198' title='bbox 431 2708 513 2771; x_wconf 85' lang='lat' dir='ltr'><strong>Haec</strong></span> <span class='ocrx_word' id='word_1_199' title='bbox 528 2707 603 2770; x_wconf 93' lang='lat' dir='ltr'><strong>olim</strong></span> <span class='ocrx_word' id='word_1_200' title='bbox 618 2708 739 2792; x_wconf 89' lang='lat' dir='ltr'><strong>scripsi.</strong></span> <span class='ocrx_word' id='word_1_201' title='bbox 771 2710 890 2772; x_wconf 84' lang='lat' dir='ltr'><strong>Vocem</strong></span> <span class='ocrx_word' id='word_1_202' title='bbox 905 2708 1011 2792; x_wconf 76' lang='lat' dir='ltr'><strong>posuit</strong></span> <span class='ocrx_word' id='word_1_203' title='bbox 1025 2708 1062 2770; x_wconf 89' lang='lat' dir='ltr'><strong>cl.</strong></span> <span class='ocrx_word' id='word_1_204' title='bbox 1079 2706 1237 2771; x_wconf 83' lang='lat' dir='ltr'><strong>Gaislord.</strong></span> 
     </span>
     <span class='ocr_line' id='line_1_24' title="bbox 190 2807 1237 2893; baseline -0.001 -21"><span class='ocrx_word' id='word_1_205' title='bbox 190 2816 266 2872; x_wconf 79' lang='lat' dir='ltr'><strong>ante</strong></span> <span class='ocrx_word' id='word_1_206' title='bbox 280 2808 445 2886; x_wconf 78' lang='grc' dir='ltr'>ὑπέλαβεν,</span> <span class='ocrx_word' id='word_1_207' title='bbox 458 2818 588 2893; x_wconf 78' lang='lat' dir='ltr'><strong>quctmr</strong></span> <span class='ocrx_word' id='word_1_208' title='bbox 595 2811 726 2874; x_wconf 72' lang='lat' dir='ltr'><strong>ussus</strong></span> <span class='ocrx_word' id='word_1_209' title='bbox 739 2810 772 2873; x_wconf 96' lang='lat' dir='ltr'><strong>in</strong></span> <span class='ocrx_word' id='word_1_210' title='bbox 787 2811 848 2874; x_wconf 91' lang='lat' dir='ltr'><strong>hac</strong></span> <span class='ocrx_word' id='word_1_211' title='bbox 863 2831 959 2874; x_wconf 86' lang='lat' dir='ltr'><strong>causa</strong></span> <span class='ocrx_word' id='word_1_212' title='bbox 974 2807 1237 2872; x_wconf 78' lang='lat' dir='ltr'><strong>commemoratis.</strong></span> 
     </span>
    </p>

    <p class='ocr_par' dir='ltr' id='par_1_8' title="bbox 190 2908 1239 3304">
     <span class='ocr_line' id='line_1_25' title="bbox 235 2908 1239 2993; baseline 0.001 -23"><span class='ocrx_word' id='word_1_213' title='bbox 235 2909 272 2972; x_wconf 88' lang='lat' dir='ltr'><strong>P.</strong></span> <span class='ocrx_word' id='word_1_214' title='bbox 281 2928 357 2991; x_wconf 82' lang='lat'><strong>395.</strong></span> <span class='ocrx_word' id='word_1_215' title='bbox 372 2908 392 2971; x_wconf 97' lang='lat' dir='ltr'><strong>l.</strong></span> <span class='ocrx_word' id='word_1_216' title='bbox 412 2929 436 2973; x_wconf 85' lang='lat'><strong>1.</strong></span> <span class='ocrx_word' id='word_1_217' title='bbox 457 2912 487 2973; x_wconf 86' lang='lat' dir='ltr'><strong>oi</strong></span> <span class='ocrx_word' id='word_1_218' title='bbox 501 2914 545 2989; x_wconf 74' lang='grc' dir='ltr'><strong>δὲ,</strong></span> <span class='ocrx_word' id='word_1_219' title='bbox 559 2915 610 2978; x_wconf 76' lang='grc' dir='ltr'><strong>τὰς</strong></span> <span class='ocrx_word' id='word_1_220' title='bbox 628 2910 754 2991; x_wconf 77' lang='grc' dir='ltr'>ἀνόμους</span> <span class='ocrx_word' id='word_1_221' title='bbox 772 2910 1042 2993; x_wconf 73' lang='grc' dir='ltr'>μετονομάσαντες]</span> <span class='ocrx_word' id='word_1_222' title='bbox 1069 2909 1133 2972; x_wconf 84' lang='grc' dir='ltr'><strong>Ηὶο</strong></span> <span class='ocrx_word' id='word_1_223' title='bbox 1147 2908 1239 2993; x_wconf 86' lang='lat' dir='ltr'><strong>posui</strong></span> 
     </span>
     <span class='ocr_line' id='line_1_26' title="bbox 190 3002 1237 3098; baseline 0.002 -24"><span class='ocrx_word' id='word_1_224' title='bbox 190 3020 351 3095; x_wconf 76' lang='lat' dir='ltr'><strong>sumptum</strong></span> <span class='ocrx_word' id='word_1_225' title='bbox 363 3034 403 3075; x_wconf 84' lang='lat' dir='ltr'><strong>ex</strong></span> <span class='ocrx_word' id='word_1_226' title='bbox 414 3014 458 3075; x_wconf 87' lang='lat' dir='ltr'><em>M</em></span> <span class='ocrx_word' id='word_1_227' title='bbox 457 3015 510 3076; x_wconf 77' lang='lat' dir='ltr'><strong>Su</strong></span> <span class='ocrx_word' id='word_1_228' title='bbox 523 3013 779 3093; x_wconf 79' lang='grc' dir='ltr'>μετονομάοοντες</span> <span class='ocrx_word' id='word_1_229' title='bbox 792 3036 852 3098; x_wconf 88' lang='lat' dir='ltr'><strong>pro</strong></span> <span class='ocrx_word' id='word_1_230' title='bbox 865 3014 943 3077; x_wconf 75' lang='lat' dir='ltr'><strong>adiu</strong></span> <span class='ocrx_word' id='word_1_231' title='bbox 957 3016 1014 3092; x_wconf 80' lang='grc' dir='ltr'><strong>μὲν</strong></span> <span class='ocrx_word' id='word_1_232' title='bbox 1024 3002 1237 3092; x_wconf 71' lang='grc' dir='ltr'>ὀνομάοοντες,</span> 
     </span>
     <span class='ocr_line' id='line_1_27' title="bbox 190 3112 1238 3201; baseline 0.001 -25"><span class='ocrx_word' id='word_1_233' title='bbox 190 3114 279 3197; x_wconf 88' lang='lat' dir='ltr'><strong>cujus</strong></span> <span class='ocrx_word' id='word_1_234' title='bbox 291 3113 360 3178; x_wconf 90' lang='lat' dir='ltr'><strong>loco</strong></span> <span class='ocrx_word' id='word_1_235' title='bbox 370 3116 570 3180; x_wconf 87' lang='lat' dir='ltr'><strong>scribendum</strong></span> <span class='ocrx_word' id='word_1_236' title='bbox 579 3138 648 3180; x_wconf 85' lang='lat' dir='ltr'><strong>esse</strong></span> <span class='ocrx_word' id='word_1_237' title='bbox 663 3116 750 3200; x_wconf 90' lang='lat' dir='ltr'><strong>prius</strong></span> <span class='ocrx_word' id='word_1_238' title='bbox 760 3117 959 3201; x_wconf 84' lang='lat' dir='ltr'><strong>conjeceram</strong></span> <span class='ocrx_word' id='word_1_239' title='bbox 973 3115 1013 3195; x_wconf 82' lang='grc' dir='ltr'><strong>μὴ</strong></span> <span class='ocrx_word' id='word_1_240' title='bbox 1025 3112 1238 3193; x_wconf 77' lang='grc' dir='ltr'>ὀνομοοάντες.</span> 
     </span>
     <span class='ocr_line' id='line_1_28' title="bbox 191 3215 1163 3304; baseline 0 -25"><span class='ocrx_word' id='word_1_241' title='bbox 191 3217 282 3280; x_wconf 89' lang='lat' dir='ltr'><strong>Nunc</strong></span> <span class='ocrx_word' id='word_1_242' title='bbox 302 3217 400 3282; x_wconf 77' lang='lat' dir='ltr'><strong>habet</strong></span> <span class='ocrx_word' id='word_1_243' title='bbox 414 3217 674 3296; x_wconf 80' lang='grc' dir='ltr'>μετονομάσοντες</span> <span class='ocrx_word' id='word_1_244' title='bbox 689 3218 774 3282; x_wconf 80' lang='lat' dir='ltr'><strong>codd.</strong></span> <span class='ocrx_word' id='word_1_245' title='bbox 788 3228 919 3304; x_wconf 77' lang='lat' dir='ltr'><strong>quatuor</strong></span> <span class='ocrx_word' id='word_1_246' title='bbox 935 3215 1163 3301; x_wconf 76' lang='lat' dir='ltr'><strong>Guisscrcliuui.</strong></span> 
     </span>
    </p>

    <p class='ocr_par' dir='ltr' id='par_1_9' title="bbox 190 3316 1239 3914">
     <span class='ocr_line' id='line_1_29' title="bbox 234 3316 1239 3405; baseline -0.003 -23"><span class='ocrx_word' id='word_1_247' title='bbox 234 3318 319 3382; x_wconf 92' lang='lat' dir='ltr'><strong>Ibid.</strong></span> <span class='ocrx_word' id='word_1_248' title='bbox 340 3319 360 3381; x_wconf 95' lang='lat' dir='ltr'><strong>l.</strong></span> <span class='ocrx_word' id='word_1_249' title='bbox 377 3336 407 3403; x_wconf 82' lang='lat'><strong>5.</strong></span> <span class='ocrx_word' id='word_1_250' title='bbox 436 3319 605 3405; x_wconf 81' lang='grc' dir='ltr'>Διόδωρον]</span> <span class='ocrx_word' id='word_1_251' title='bbox 633 3319 793 3384; x_wconf 86' lang='lat' dir='ltr'><strong>Diodorus</strong></span> <span class='ocrx_word' id='word_1_252' title='bbox 815 3320 866 3384; x_wconf 89' lang='lat' dir='ltr'><strong>hic</strong></span> <span class='ocrx_word' id='word_1_253' title='bbox 892 3327 952 3397; x_wconf 80' lang='lat' dir='ltr'><strong>est,</strong></span> <span class='ocrx_word' id='word_1_254' title='bbox 977 3320 1031 3405; x_wconf 94' lang='lat' dir='ltr'><strong>qui</strong></span> <span class='ocrx_word' id='word_1_255' title='bbox 1053 3316 1239 3401; x_wconf 87' lang='lat' dir='ltr'><strong>cognomine</strong></span> 
     </span>
     <span class='ocr_line' id='line_1_30' title="bbox 190 3420 1239 3507; baseline -0.004 -23"><span class='ocrx_word' id='word_1_256' title='bbox 190 3420 316 3484; x_wconf 84' lang='lat' dir='ltr'><strong>Cronus</strong></span> <span class='ocrx_word' id='word_1_257' title='bbox 345 3422 461 3498; x_wconf 82' lang='lat' dir='ltr'><strong>dictus,</strong></span> <span class='ocrx_word' id='word_1_258' title='bbox 491 3444 531 3485; x_wconf 86' lang='lat' dir='ltr'><strong>ex</strong></span> <span class='ocrx_word' id='word_1_259' title='bbox 560 3420 734 3506; x_wconf 82' lang='lat' dir='ltr'><strong>Megaricis</strong></span> <span class='ocrx_word' id='word_1_260' title='bbox 758 3421 820 3487; x_wconf 79' lang='lat' dir='ltr'><strong>suia</strong></span> <span class='ocrx_word' id='word_1_261' title='bbox 844 3421 1062 3507; x_wconf 84' lang='lat' dir='ltr'><strong>philosophie;</strong></span> <span class='ocrx_word' id='word_1_262' title='bbox 1095 3441 1116 3483; x_wconf 91' lang='lat' dir='ltr'><strong>a</strong></span> <span class='ocrx_word' id='word_1_263' title='bbox 1140 3420 1239 3482; x_wconf 79' lang='lat' dir='ltr'><strong>Sexto</strong></span> 
     </span>
     <span class='ocr_line' id='line_1_31' title="bbox 190 3519 1238 3606; baseline -0.003 -22"><span class='ocrx_word' id='word_1_264' title='bbox 190 3521 726 3606; x_wconf 84' lang='lat' dir='ltr'><strong>Empiricosaepecommemoratus.</strong></span> <span class='ocrx_word' id='word_1_265' title='bbox 750 3519 1238 3588; x_wconf 80' lang='lat' dir='ltr'><strong>Nuncadnctatcl.Heinichen.</strong></span> 
     </span>
     <span class='ocr_line' id='line_1_32' title="bbox 190 3621 1239 3709; baseline 0.001 -23"><span class='ocrx_word' id='word_1_266' title='bbox 190 3632 212 3660; x_wconf 89' lang='lat'><strong>“</strong></span> <span class='ocrx_word' id='word_1_267' title='bbox 222 3624 440 3702; x_wconf 84' lang='grc' dir='ltr'>ὀνοματοποιὸν</span> <span class='ocrx_word' id='word_1_268' title='bbox 452 3626 605 3705; x_wconf 83' lang='grc' dir='ltr'>Διόδωρον</span> <span class='ocrx_word' id='word_1_269' title='bbox 614 3625 783 3707; x_wconf 77' lang='grc' dir='ltr'>γεγονέναι.</span> <span class='ocrx_word' id='word_1_270' title='bbox 797 3625 870 3688; x_wconf 82' lang='lat' dir='ltr'><strong>inde</strong></span> <span class='ocrx_word' id='word_1_271' title='bbox 880 3625 946 3709; x_wconf 82' lang='lat' dir='ltr'><strong>ipse</strong></span> <span class='ocrx_word' id='word_1_272' title='bbox 958 3622 1118 3687; x_wconf 86' lang='lat' dir='ltr'><strong>Diodorus</strong></span> <span class='ocrx_word' id='word_1_273' title='bbox 1130 3621 1239 3701; x_wconf 74' lang='grc' dir='ltr'>ἀμερὴς</span> 
     </span>
     <span class='ocr_line' id='line_1_33' title="bbox 193 3723 1239 3811; baseline -0.003 -22"><span class='ocrx_word' id='word_1_274' title='bbox 193 3738 212 3759; x_wconf 86' lang='grc'>“</span> <span class='ocrx_word' id='word_1_275' title='bbox 229 3733 373 3791; x_wconf 83' lang='lat' dir='ltr'><strong>vocatus.</strong></span> <span class='ocrx_word' id='word_1_276' title='bbox 402 3725 479 3789; x_wconf 92' lang='lat' dir='ltr'><strong>Vid.</strong></span> <span class='ocrx_word' id='word_1_277' title='bbox 495 3726 701 3790; x_wconf 87' lang='lat' dir='ltr'><strong>Tiedemann.</strong></span> <span class='ocrx_word' id='word_1_278' title='bbox 716 3727 811 3791; x_wconf 76' lang='lat' dir='ltr'><strong>Geist</strong></span> <span class='ocrx_word' id='word_1_279' title='bbox 826 3728 884 3791; x_wconf 91' lang='lat' dir='ltr'><strong>der</strong></span> <span class='ocrx_word' id='word_1_280' title='bbox 899 3725 1112 3811; x_wconf 74' lang='lat' dir='ltr'><strong>speculativas</strong></span> <span class='ocrx_word' id='word_1_281' title='bbox 1132 3723 1239 3787; x_wconf 93' lang='lat' dir='ltr'><strong>Philo-</strong></span> 
     </span>
     <span class='ocr_line' id='line_1_34' title="bbox 192 3828 651 3914; baseline 0 -22"><span class='ocrx_word' id='word_1_282' title='bbox 192 3841 211 3862; x_wconf 83' lang='lat'><strong>‘¹</strong></span> <span class='ocrx_word' id='word_1_283' title='bbox 228 3830 337 3913; x_wconf 89' lang='lat' dir='ltr'><strong>sophie</strong></span> <span class='ocrx_word' id='word_1_284' title='bbox 353 3828 390 3892; x_wconf 83' lang='grc' dir='ltr'><strong>Τ.</strong></span> <span class='ocrx_word' id='word_1_285' title='bbox 403 3828 434 3892; x_wconf 87' lang='grc' dir='ltr'><strong>ἱὶ.</strong></span> <span class='ocrx_word' id='word_1_286' title='bbox 450 3851 481 3914; x_wconf 96' lang='lat' dir='ltr'><strong>p.</strong></span> <span class='ocrx_word' id='word_1_287' title='bbox 493 3849 568 3909; x_wconf 77' lang='lat'><strong>410.</strong></span> <span class='ocrx_word' id='word_1_288' title='bbox 584 3831 651 3913; x_wconf 78' lang='lat' dir='ltr'><strong>sq.”</strong></span> 
     </span>
    </p>

    <p class='ocr_par' dir='ltr' id='par_1_10' title="bbox 191 3927 1241 4317">
     <span class='ocr_line' id='line_1_35' title="bbox 236 3927 1239 4015; baseline -0.003 -22"><span class='ocrx_word' id='word_1_289' title='bbox 236 3931 319 3994; x_wconf 89' lang='lat' dir='ltr'><strong>lbid.</strong></span> <span class='ocrx_word' id='word_1_290' title='bbox 335 3932 355 3994; x_wconf 96' lang='lat' dir='ltr'><strong>l.</strong></span> <span class='ocrx_word' id='word_1_291' title='bbox 373 3934 402 3995; x_wconf 83' lang='lat'><strong>6.</strong></span> <span class='ocrx_word' id='word_1_292' title='bbox 421 3930 634 4015; x_wconf 81' lang='grc' dir='ltr'>Ἡρακλείδης]</span> <span class='ocrx_word' id='word_1_293' title='bbox 657 3931 746 3995; x_wconf 85' lang='lat' dir='ltr'><strong>Audi</strong></span> <span class='ocrx_word' id='word_1_294' title='bbox 766 3931 847 3996; x_wconf 89' lang='lat' dir='ltr'><strong>Edv.</strong></span> <span class='ocrx_word' id='word_1_295' title='bbox 866 3930 1035 3995; x_wconf 91' lang='lat' dir='ltr'><strong>Corsinum</strong></span> <span class='ocrx_word' id='word_1_296' title='bbox 1057 3930 1090 3993; x_wconf 91' lang='lat' dir='ltr'><strong>in</strong></span> <span class='ocrx_word' id='word_1_297' title='bbox 1110 3927 1239 4013; x_wconf 84' lang='lat' dir='ltr'><strong>Syllaba</strong></span> 
     </span>
     <span class='ocr_line' id='line_1_36' title="bbox 191 4028 1240 4117; baseline -0.001 -23"><span class='ocrx_word' id='word_1_298' title='bbox 191 4031 322 4096; x_wconf 82' lang='lat' dir='ltr'><strong>editioni</strong></span> <span class='ocrx_word' id='word_1_299' title='bbox 337 4054 402 4096; x_wconf 87' lang='lat' dir='ltr'><strong>suae</strong></span> <span class='ocrx_word' id='word_1_300' title='bbox 417 4033 580 4117; x_wconf 87' lang='lat' dir='ltr'><strong>praemisso</strong></span> <span class='ocrx_word' id='word_1_301' title='bbox 593 4034 665 4096; x_wconf 82' lang='lat' dir='ltr'><strong>libri</strong></span> <span class='ocrx_word' id='word_1_302' title='bbox 680 4032 823 4117; x_wconf 88' lang='lat' dir='ltr'><strong>superius</strong></span> <span class='ocrx_word' id='word_1_303' title='bbox 838 4031 1076 4097; x_wconf 88' lang='lat' dir='ltr'><strong>commemorati</strong></span> <span class='ocrx_word' id='word_1_304' title='bbox 1096 4033 1146 4095; x_wconf 80' lang='lat' dir='ltr'><strong>Dc</strong></span> <span class='ocrx_word' id='word_1_305' title='bbox 1161 4028 1240 4093; x_wconf 74' lang='lat' dir='ltr'><strong>Pu</strong></span> 
     </span>
     <span class='ocr_line' id='line_1_37' title="bbox 191 4131 1241 4219; baseline -0.004 -22"><span class='ocrx_word' id='word_1_306' title='bbox 191 4132 259 4197; x_wconf 75' lang='lat' dir='ltr'><strong>cilis</strong></span> <span class='ocrx_word' id='word_1_307' title='bbox 269 4133 527 4218; x_wconf 68' lang='lat' dir='ltr'><strong>Philocmdomcm,</strong></span> <span class='ocrx_word' id='word_1_308' title='bbox 540 4158 570 4219; x_wconf 91' lang='lat' dir='ltr'><strong>p.</strong></span> <span class='ocrx_word' id='word_1_309' title='bbox 582 4158 656 4199; x_wconf 84' lang='lat' dir='ltr'><strong>xxx.</strong></span> <span class='ocrx_word' id='word_1_310' title='bbox 680 4145 700 4172; x_wconf 91' lang='grc'>“</span> <span class='ocrx_word' id='word_1_311' title='bbox 710 4135 896 4199; x_wconf 80' lang='lat' dir='ltr'><strong>Heraclides</strong></span> <span class='ocrx_word' id='word_1_312' title='bbox 906 4134 1053 4200; x_wconf 76' lang='lat' dir='ltr'><strong>Poulicue</strong></span> <span class='ocrx_word' id='word_1_313' title='bbox 1061 4131 1241 4217; x_wconf 76' lang='lat' dir='ltr'><strong>appellatus</strong></span> 
     </span>
     <span class='ocr_line' id='line_1_38' title="bbox 194 4232 1241 4317; baseline -0.004 -20"><span class='ocrx_word' id='word_1_314' title='bbox 194 4243 212 4269; x_wconf 91' lang='grc'>“</span> <span class='ocrx_word' id='word_1_315' title='bbox 228 4235 315 4317; x_wconf 90' lang='lat' dir='ltr'><strong>quod</strong></span> <span class='ocrx_word' id='word_1_316' title='bbox 330 4235 506 4313; x_wconf 71' lang='lat' dir='ltr'><strong>Heracleas,</strong></span> <span class='ocrx_word' id='word_1_317' title='bbox 522 4237 555 4299; x_wconf 95' lang='lat' dir='ltr'><strong>in</strong></span> <span class='ocrx_word' id='word_1_318' title='bbox 571 4238 678 4302; x_wconf 81' lang='lat' dir='ltr'><strong>Ponto</strong></span> <span class='ocrx_word' id='word_1_319' title='bbox 692 4246 788 4303; x_wconf 84' lang='lat' dir='ltr'><strong>natus</strong></span> <span class='ocrx_word' id='word_1_320' title='bbox 803 4245 896 4315; x_wconf 76' lang='lat' dir='ltr'><strong>esset,</strong></span> <span class='ocrx_word' id='word_1_321' title='bbox 911 4234 1098 4300; x_wconf 76' lang='lat' dir='ltr'><strong>Aristotelis</strong></span> <span class='ocrx_word' id='word_1_322' title='bbox 1112 4232 1241 4297; x_wconf 75' lang='lat' dir='ltr'><strong>auditor</strong></span> 
     </span>
    </p>
   </div>
   <div class='ocr_carea' id='block_1_5' title="bbox 193 4336 1239 4425">
    <p class='ocr_par' dir='ltr' id='par_1_11' title="bbox 193 4336 1239 4425">
     <span class='ocr_line' id='line_1_39' title="bbox 193 4336 1239 4425; baseline -0.005 -26"><span class='ocrx_word' id='word_1_323' title='bbox 193 4345 214 4373; x_wconf 90' lang='lat'><strong><em>“</em></strong></span> <span class='ocrx_word' id='word_1_324' title='bbox 229 4337 291 4402; x_wconf 83' lang='lat' dir='ltr'><strong>luit</strong></span> <span class='ocrx_word' id='word_1_325' title='bbox 306 4360 345 4401; x_wconf 86' lang='lat' dir='ltr'><strong>ex</strong></span> <span class='ocrx_word' id='word_1_326' title='bbox 369 4340 481 4404; x_wconf 82' lang='lat' dir='ltr'><strong>Lacrt.</strong></span> <span class='ocrx_word' id='word_1_327' title='bbox 500 4340 554 4403; x_wconf 92' lang='lat' dir='ltr'><strong>lib.</strong></span> <span class='ocrx_word' id='word_1_328' title='bbox 568 4364 596 4405; x_wconf 90' lang='lat' dir='ltr'><strong>v.</strong></span> <span class='ocrx_word' id='word_1_329' title='bbox 612 4364 676 4425; x_wconf 84' lang='lat' dir='ltr'><strong>seg.</strong></span> <span class='ocrx_word' id='word_1_330' title='bbox 687 4342 739 4404; x_wconf 91' lang='lat'><strong>86.</strong></span> <span class='ocrx_word' id='word_1_331' title='bbox 761 4339 904 4423; x_wconf 90' lang='lat' dir='ltr'><strong>adeoque</strong></span> <span class='ocrx_word' id='word_1_332' title='bbox 926 4338 1010 4402; x_wconf 90' lang='lat' dir='ltr'><strong>circa</strong></span> <span class='ocrx_word' id='word_1_333' title='bbox 1030 4336 1156 4420; x_wconf 88' lang='lat' dir='ltr'><strong>Olymp.</strong></span> <span class='ocrx_word' id='word_1_334' title='bbox 1170 4352 1239 4396; x_wconf 84' lang='lat'><strong>110.</strong></span> 
     </span>
    </p>
   </div>
   <div class='ocr_carea' id='block_1_6' title="bbox 0 0 1633 5150">
    <p class='ocr_par' dir='ltr' id='par_1_12' title="bbox 0 0 1633 5150">
     <span class='ocr_line' id='line_1_40' title="bbox 0 0 1633 5150; baseline 0 0"><span class='ocrx_word' id='word_1_335' title='bbox 0 0 1633 5150; x_wconf 95' lang='lat' dir='ltr'><strong> </strong></span> 
     </span>
    </p>
   </div>
  </div>
 </body>
</html>
