3242 5150
351 303 416 366 404
642 297 894 375 RELIQUIAE
920 297 1099 361 SACRAE.

350 480 398 556 εἷς
416 471 557 578 τρυφὴν
575 466 732 573 καρποὺς
750 467 912 568 λάβητε;
942 471 1001 550 καὶ
1019 467 1079 549 διὰ
1096 471 1134 549 τί
1147 468 1199 569 μὴ
1217 475 1292 552 ταῖς
1313 469 1405 548 ἀτό-

350 643 429 708 μοις
441 613 674 711 προσκυνεῖτε
691 609 750 686 καὶ
763 604 863 686 θύετε
877 613 953 689 ταῖς
967 604 1190 709 ἐπικόρπσιςς
1210 605 1413 709 ἀχάριστοί

351 777 403 843 γε,
418 741 507 842 μηδὲ
528 740 694 845 ἀπαρχάς
711 743 833 826 αὑταῖς
852 742 977 844 ὀλίγας
991 748 1064 821 τῶν
1081 748 1233 822 πολλῶν
1245 746 1406 844 δωρεῶν,

352 874 394 962 ἃς
411 883 496 980 παρ’
514 878 631 956 αὐτῶν
649 876 754 982 ἔχετε,
773 880 1011 983 ἀφιεροῦντες.

396 1011 455 1076 Καὶ
468 1014 544 1091 μετὰ
557 1009 678 1094 βραχέα
691 1011 796 1092 φησὶν,
1413 1044 1431 1101 5

856 1227 894 1289 V.

406 1341 455 1418 Ὁ
470 1337 506 1417 δὲ
519 1313 719 1435 πολυεθνὴς
730 1338 787 1415 καὶ
797 1333 1001 1437 πολυμιγὴς
1013 1337 1124 1435 δῆμος
1134 1342 1207 1414 τῶν
1218 1336 1400 1436 ἁστερων,

351 1473 412 1557 οὓς
430 1479 466 1551 ai
484 1478 727 1556 πολυπλανεΐς
743 1474 801 1551 καὶ
821 1473 875 1550 ἀεὶ
892 1469 1201 1575 διαρῤιπτσόμεναι
1220 1467 1403 1569 συνίστη-

349 1641 423 1686 σαν
437 1608 572 1705 ἄτομοι,
583 1606 702 1710 χώρας
716 1610 851 1689 ἑαυτοῖς
861 1589 953 1685 κατὰ
964 1604 1146 1704 συνθήκας
1159 1604 1401 1694 ἀπεδάσαντο,

349 1740 473 1845 ὥσπερ
492 1741 657 1822 ἀποικίαν
681 1739 704 1838 ἢ
732 1740 916 1820 συνοικίαν
938 1737 1155 1838 ἀνελόμενοι,
1171 1737 1322 1839 μηδενὸς
1348 1745 1401 1818 οὶ-

350 1886 476 1957 κιστοῦ
490 1877 580 1977 μηδὲ
593 1875 847 1956 οἰκοδεσπότου
864 1871 1139 1978 προεστηκότος·
1160 1878 1216 1953 καὶ
1231 1873 1296 1958 τὰς
1307 1873 1399 1978 πρὸς
1412 1911 1445 1950 ιο

350 2010 432 2093 τοὺς
461 2010 738 2113 πλησιοχώρους
769 2009 990 2111 γειτνιάσεις,
1021 2008 1205 2106 ἐνωμότως
1235 2013 1294 2089 καὶ
1321 2011 1396 2107 μετ’

350 2144 487 2248 εἰρήνης
517 2143 775 2251 φυλάττουσιν,
804 2145 871 2248 οὐχ
898 2145 1169 2246 ὑπερβαίνοντες
1195 2142 1256 2226 οὓς
1284 2177 1398 2222 κατει-

351 2281 516 2386 λήφασιν
535 2281 579 2386 ἐξ
594 2283 707 2383 ἀρχῆς
726 2278 839 2381 όρους,
859 2276 984 2381 ὥσπερ
1007 2277 1076 2357 ὑπὸ
1102 2284 1174 2356 τῶν
1197 2280 1398 2373 βασιλίδων

351 2414 494 2516 ἀτόμων
519 2413 822 2515 νομοθετούμενοι.
853 2416 937 2492 ἀλλ’
965 2415 1029 2492 οὐκ
1056 2413 1231 2516 ἄρχουσιν
1258 2415 1394 2492 ἐκεῖναι·

390 2559 406 2576 ¹¹·
485 2551 495 2580 λ
578 2557 587 2582 t
747 2551 763 2588 ἲ
900 2551 910 2577 2
973 2547 984 2579 ἱ
1061 2549 1071 2580 Ι
1223 2550 1232 2579 Ι
1316 2551 1324 2575 2

350 2588 427 2637 πως
452 2587 533 2657 γαρ,
552 2588 589 2632 αι
613 2552 694 2651 μηδ
721 2583 854 2647 συσαι;
888 2559 988 2629 αλλα
1015 2555 1118 2629 θειων
1145 2559 1279 2649 λσγιιον
1306 2584 1390 2629 επα-
1407 2582 1418 2621 ι
1425 2580 1441 2639 5

351 2690 517 2786 κούσατε,
548 2690 641 2767 ⁸’Ev
670 2686 785 2791 κρίσει
818 2685 951 2787 Κυρίου
981 2681 1027 2763 τὰ
1059 2683 1147 2785 ἔργα
1178 2686 1298 2764 αὑτοῦ·
1335 2686 1394 2765 ἀπ’

350 2897 504 2975 oolligatis.
526 2896 639 2967 Quidni
650 2916 736 2974 porro
745 2894 849 2953 atomis
900 2893 1012 2959 (litoris,
1042 2904 1094 2952 aut
1122 2892 1240 2952 familie
1267 2894 1396 2973 presidis

351 2974 849 3054 frugumpraesidibussolennicultu
899 2974 1101 3032 auctoritatem
1122 2986 1255 3051 sequuta.
1297 2974 1396 3051 Atque

352 3075 433 3113 sacra
444 3056 561 3114 facitis?
578 3056 722 3112 Homines
732 3054 848 3131 ingrati,
900 3052 941 3112 ite
956 3052 1102 3130 deinceps,
1118 3065 1230 3120 mutua,
1244 3076 1312 3114 eum
1332 3055 1395 3112 fini.

351 3134 401 3212 qui
425 3144 470 3193 tot
491 3134 644 3199 donorum,
669 3152 733 3209 quae
757 3133 850 3191 abiis
900 3132 989 3199 timis,
1018 3132 1151 3211 religiose
1178 3132 1295 3212 alteque
1329 3154 1392 3194 eum
1405 3158 1443 3197 20

352 3214 492 3292 accipitis,
509 3234 547 3273 ne
568 3213 710 3292 primitias
732 3211 850 3289 quidem
900 3232 980 3291 pase,
995 3233 1095 3272 omnes
1113 3213 1225 3271 viciniae
1243 3217 1312 3293 jura
1329 3236 1393 3275 cus-

352 3294 490 3373 psueulas
503 3293 684 3353 consecretis.
899 3293 1027 3358 todiunt.
1041 3314 1094 3353 nec
1108 3313 1157 3352 eos
1171 3313 1298 3371 unquam
1315 3296 1393 3362 fines,

388 3372 719 3447 Iterumquepostpauce,
900 3393 973 3450 quos
987 3374 1023 3431 ab
1037 3374 1121 3432 initio
1135 3393 1280 3451 accepere,
1291 3377 1393 3435 transi-

900 3453 987 3523 liunt,
1009 3474 1127 3532 prorsus
1149 3458 1227 3514 acsi
1252 3456 1394 3533 regiarum

583 3510 622 3569 V·
900 3533 1080 3609 quarundam
1104 3546 1266 3594 atomorum
1285 3534 1395 3613 legibus
1406 3563 1441 3623 ²5

393 3607 556 3686 Multiplex
570 3618 679 3675 autem,
690 3607 741 3665 illa
751 3606 850 3665 stella-
900 3624 1078 3689 regerentur.
1121 3614 1164 3672 At
1177 3636 1236 3673 non
1254 3617 1396 3693 imperant

353 3707 416 3744 rum
442 3689 531 3753 natio,
555 3708 640 3765 quem
665 3688 793 3746 erraticae
818 3708 851 3747 ec
900 3691 957 3751 illae
979 3694 1119 3772 profecto.
1163 3694 1223 3766 Qui
1245 3696 1323 3754 enim
1342 3696 1395 3755 im·

352 3786 466 3844 semper
490 3767 547 3824 huc
572 3767 699 3844 illucque
723 3768 850 3843 disjectae
900 3784 1012 3850 petent,
1028 3793 1092 3850 quoe
1107 3774 1194 3832 nullae
1214 3778 1303 3835 sunt?
1333 3777 1396 3834 Au·

353 3846 441 3904 atomi
463 3846 670 3913 conflaverunt,
687 3847 770 3905 sedes
788 3848 851 3926 ipse
900 3851 962 3911 dite
988 3873 1057 3911 vero
1079 3853 1242 3914 divinorum
1267 3856 1397 3914 oraculo-

353 3926 406 3984 sibi
416 3926 694 4003 coloniaecujusdem
704 3938 756 3985 sut
766 3928 849 3985 soda·
901 3951 964 3990 rum
980 3953 1090 3999 vocem,
1107 3934 1143 3991 In
1150 3935 1266 4015 jndicio
1282 3935 1398 3994 Domini
1406 3949 1444 4006 30

352 4006 444 4064 litatis
458 4026 546 4073 more,
562 4006 708 4065 communi
726 4028 763 4065 ex
783 4028 850 4086 pac·
902 4031 988 4089 opera
1004 4016 1074 4092 ejus.
1091 4014 1136 4072 Ab
1148 4016 1235 4081 initio,
1248 4024 1273 4075 el
1287 4037 1305 4073 α
1316 4036 1396 4074 crea·

351 4099 393 4156 to,
408 4086 566 4153 distribuit,
583 4086 692 4146 nullius
711 4098 762 4145 aut
782 4108 850 4145 con·
904 4096 976 4152 timue
996 4093 1132 4172 ipsorum,
1152 4096 1282 4154 distinaeit
1300 4105 1398 4173 parles

758 4281 773 4320 t
786 4271 878 4322 soclus.
890 4274 939 4322 xvi.
953 4274 992 4324 τό.
