<?xml version="1.0" encoding="UTF-8"?>
<!DOCTYPE html PUBLIC "-//W3C//DTD XHTML 1.0 Transitional//EN"
    "http://www.w3.org/TR/xhtml1/DTD/xhtml1-transitional.dtd">
<html xmlns="http://www.w3.org/1999/xhtml" xml:lang="en" lang="en">
 <head>
  <title>
</title>
<meta http-equiv="Content-Type" content="text/html;charset=utf-8" />
  <meta name='ocr-system' content='tesseract 3.04.00' />
  <meta name='ocr-capabilities' content='ocr_page ocr_carea ocr_par ocr_line ocrx_word'/>
</head>
<body>
  <div class='ocr_page' id='page_1' title='image "./reliquiaesacrae12routgoog_0329.png"; bbox 0 0 3242 5150; ppageno 0'>
   <div class='ocr_carea' id='block_1_1' title="bbox 385 393 1245 463">
    <p class='ocr_par' dir='ltr' id='par_1_1' title="bbox 385 393 1245 463">
     <span class='ocr_line' id='line_1_1' title="bbox 385 393 1245 463; baseline 0.006 -5"><span class='ocrx_word' id='word_1_1' title='bbox 385 393 660 460; x_wconf 90' lang='lat' dir='ltr'>CONCILIUM</span> <span class='ocrx_word' id='word_1_2' title='bbox 683 394 1008 460; x_wconf 86' lang='lat' dir='ltr'><strong>ARELATENSE</strong></span> <span class='ocrx_word' id='word_1_3' title='bbox 1033 396 1061 458; x_wconf 94' lang='grc' dir='ltr'><strong>Ι.</strong></span> <span class='ocrx_word' id='word_1_4' title='bbox 1179 393 1245 463; x_wconf 80' lang='grc'><strong>319</strong></span> 
     </span>
    </p>
   </div>
   <div class='ocr_carea' id='block_1_2' title="bbox 190 563 1252 2786">
    <p class='ocr_par' dir='ltr' id='par_1_2' title="bbox 190 563 1252 2786">
     <span class='ocr_line' id='line_1_2' title="bbox 197 563 1246 652; baseline 0.002 -26"><span class='ocrx_word' id='word_1_5' title='bbox 197 563 358 639; x_wconf 83' lang='lat' dir='ltr'><strong>Anullino,</strong></span> <span class='ocrx_word' id='word_1_6' title='bbox 381 572 415 628; x_wconf 89' lang='lat' dir='ltr'><strong>et</strong></span> <span class='ocrx_word' id='word_1_7' title='bbox 436 564 469 627; x_wconf 94' lang='lat' dir='ltr'><strong>in</strong></span> <span class='ocrx_word' id='word_1_8' title='bbox 490 564 567 650; x_wconf 87' lang='lat' dir='ltr'><strong>ipsis</strong></span> <span class='ocrx_word' id='word_1_9' title='bbox 588 565 690 631; x_wconf 83' lang='lat' dir='ltr'><strong>literis</strong></span> <span class='ocrx_word' id='word_1_10' title='bbox 712 565 851 652; x_wconf 77' lang='lat' dir='ltr'><strong>ignorat,</strong></span> <span class='ocrx_word' id='word_1_11' title='bbox 874 569 999 652; x_wconf 64' lang='lat' dir='ltr'><strong>(pauens,</strong></span> <span class='ocrx_word' id='word_1_12' title='bbox 1020 565 1195 650; x_wconf 81' lang='lat' dir='ltr'><strong>ignoratur,</strong></span> <span class='ocrx_word' id='word_1_13' title='bbox 1219 575 1246 628; x_wconf 82' lang='lat' dir='ltr'><strong>et</strong></span> 
     </span>
     <span class='ocr_line' id='line_1_3' title="bbox 190 664 1245 753; baseline -0.001 -23"><span class='ocrx_word' id='word_1_14' title='bbox 190 664 300 750; x_wconf 78' lang='lat' dir='ltr'><strong>puello</strong></span> <span class='ocrx_word' id='word_1_15' title='bbox 311 675 386 750; x_wconf 83' lang='lat' dir='ltr'><strong>poet,</strong></span> <span class='ocrx_word' id='word_1_16' title='bbox 402 666 596 744; x_wconf 80' lang='lat' dir='ltr'><strong>sentinetur,</strong></span> <span class='ocrx_word' id='word_1_17' title='bbox 611 668 738 752; x_wconf 86' lang='lat' dir='ltr'><strong>Dnms.)</strong></span> <span class='ocrx_word' id='word_1_18' title='bbox 754 689 826 753; x_wconf 79' lang='lat' dir='ltr'><strong>quaa</strong></span> <span class='ocrx_word' id='word_1_19' title='bbox 841 667 903 732; x_wconf 78' lang='lat' dir='ltr'><strong>illm</strong></span> <span class='ocrx_word' id='word_1_20' title='bbox 918 667 1038 732; x_wconf 84' lang='lat' dir='ltr'><strong>ohartae</strong></span> <span class='ocrx_word' id='word_1_21' title='bbox 1054 666 1129 743; x_wconf 87' lang='lat' dir='ltr'><strong>sint,</strong></span> <span class='ocrx_word' id='word_1_22' title='bbox 1142 667 1198 730; x_wconf 90' lang='lat' dir='ltr'><strong>sed</strong></span> <span class='ocrx_word' id='word_1_23' title='bbox 1212 665 1245 730; x_wconf 91' lang='lat' dir='ltr'><strong>in</strong></span> 
     </span>
     <span class='ocr_line' id='line_1_4' title="bbox 198 767 1247 855; baseline 0 -24"><span class='ocrx_word' id='word_1_24' title='bbox 198 767 368 832; x_wconf 84' lang='lat' dir='ltr'><strong>Relatione</strong></span> <span class='ocrx_word' id='word_1_25' title='bbox 383 767 527 832; x_wconf 92' lang='lat' dir='ltr'><strong>Anuliini</strong></span> <span class='ocrx_word' id='word_1_26' title='bbox 547 769 757 855; x_wconf 76' lang='lat' dir='ltr'><strong>cognoscitur,</strong></span> <span class='ocrx_word' id='word_1_27' title='bbox 773 791 845 854; x_wconf 76' lang='lat' dir='ltr'><strong>qua·</strong></span> <span class='ocrx_word' id='word_1_28' title='bbox 866 768 962 833; x_wconf 89' lang='lat' dir='ltr'><strong>hodie</strong></span> <span class='ocrx_word' id='word_1_29' title='bbox 981 767 1114 855; x_wconf 91' lang='lat' dir='ltr'><strong>publiois</strong></span> <span class='ocrx_word' id='word_1_30' title='bbox 1133 767 1247 832; x_wconf 85' lang='lat' dir='ltr'><strong>oodioi·</strong></span> 
     </span>
     <span class='ocr_line' id='line_1_5' title="bbox 198 868 1246 940; baseline 0.002 -8"><span class='ocrx_word' id='word_1_31' title='bbox 198 870 257 932; x_wconf 94' lang='lat' dir='ltr'><strong>bus</strong></span> <span class='ocrx_word' id='word_1_32' title='bbox 286 868 497 940; x_wconf 86' lang='lat' dir='ltr'><strong>eontinentur.</strong></span> <span class='ocrx_word' id='word_1_33' title='bbox 546 871 671 937; x_wconf 90' lang='lat' dir='ltr'><strong>Deinde</strong></span> <span class='ocrx_word' id='word_1_34' title='bbox 697 871 810 936; x_wconf 87' lang='lat' dir='ltr'><strong>soribit</strong></span> <span class='ocrx_word' id='word_1_35' title='bbox 835 870 920 936; x_wconf 86' lang='lat' dir='ltr'><strong>idom</strong></span> <span class='ocrx_word' id='word_1_36' title='bbox 948 869 1176 937; x_wconf 67' lang='lat' dir='ltr'><strong>Constantinus</strong></span> <span class='ocrx_word' id='word_1_37' title='bbox 1204 869 1246 934; x_wconf 86' lang='lat' dir='ltr'><strong>ad</strong></span> 
     </span>
     <span class='ocr_line' id='line_1_6' title="bbox 198 971 1246 1058; baseline -0.001 -23"><span class='ocrx_word' id='word_1_38' title='bbox 198 971 395 1046; x_wconf 87' lang='lat' dir='ltr'><strong>Anullinum,</strong></span> <span class='ocrx_word' id='word_1_39' title='bbox 418 978 456 1036; x_wconf 91' lang='lat' dir='ltr'><strong>ut</strong></span> <span class='ocrx_word' id='word_1_40' title='bbox 477 979 587 1058; x_wconf 84' lang='lat' dir='ltr'><strong>partes</strong></span> <span class='ocrx_word' id='word_1_41' title='bbox 608 974 743 1039; x_wconf 83' lang='lat' dir='ltr'><strong>Romam</strong></span> <span class='ocrx_word' id='word_1_42' title='bbox 767 971 886 1058; x_wconf 85' lang='lat' dir='ltr'><strong>dirigat</strong></span> <span class='ocrx_word' id='word_1_43' title='bbox 905 973 946 1036; x_wconf 88' lang='lat' dir='ltr'><strong>ad</strong></span> <span class='ocrx_word' id='word_1_44' title='bbox 968 971 1145 1058; x_wconf 86' lang='lat' dir='ltr'><strong>episeopnie</strong></span> <span class='ocrx_word' id='word_1_45' title='bbox 1163 971 1246 1056; x_wconf 87' lang='lat' dir='ltr'><strong>judi-</strong></span> 
     </span>
     <span class='ocr_line' id='line_1_7' title="bbox 199 1067 1246 1160; baseline -0.001 -22"><span class='ocrx_word' id='word_1_46' title='bbox 199 1075 293 1138; x_wconf 88' lang='lat' dir='ltr'><strong>eium.</strong></span> <span class='ocrx_word' id='word_1_47' title='bbox 317 1073 429 1138; x_wconf 79' lang='lat' dir='ltr'><strong>Refert</strong></span> <span class='ocrx_word' id='word_1_48' title='bbox 444 1074 539 1138; x_wconf 89' lang='lat' dir='ltr'><strong>etiam</strong></span> <span class='ocrx_word' id='word_1_49' title='bbox 557 1075 728 1140; x_wconf 86' lang='lat' dir='ltr'><strong>Anuliinus</strong></span> <span class='ocrx_word' id='word_1_50' title='bbox 739 1075 773 1138; x_wconf 95' lang='lat' dir='ltr'><strong>in</strong></span> <span class='ocrx_word' id='word_1_51' title='bbox 784 1081 939 1150; x_wconf 86' lang='lat' dir='ltr'><strong>extremo,</strong></span> <span class='ocrx_word' id='word_1_52' title='bbox 950 1067 1069 1140; x_wconf 84' lang='lat' dir='ltr'><strong>misisse</strong></span> <span class='ocrx_word' id='word_1_53' title='bbox 1080 1097 1114 1139; x_wconf 90' lang='lat' dir='ltr'><strong>se</strong></span> <span class='ocrx_word' id='word_1_54' title='bbox 1128 1082 1246 1160; x_wconf 86' lang='lat' dir='ltr'><strong>partes.</strong></span> 
     </span>
     <span class='ocr_line' id='line_1_8' title="bbox 200 1175 1248 1262; baseline 0.001 -23"><span class='ocrx_word' id='word_1_55' title='bbox 200 1177 265 1240; x_wconf 87' lang='lat' dir='ltr'><strong>Vos</strong></span> <span class='ocrx_word' id='word_1_56' title='bbox 290 1197 367 1261; x_wconf 82' lang='lat' dir='ltr'><strong>ergo</strong></span> <span class='ocrx_word' id='word_1_57' title='bbox 391 1175 463 1240; x_wconf 89' lang='lat' dir='ltr'><strong>istis</strong></span> <span class='ocrx_word' id='word_1_58' title='bbox 485 1177 528 1240; x_wconf 91' lang='lat' dir='ltr'><strong>ad</strong></span> <span class='ocrx_word' id='word_1_59' title='bbox 552 1177 796 1262; x_wconf 77' lang='lat' dir='ltr'><strong>imperatorem,</strong></span> <span class='ocrx_word' id='word_1_60' title='bbox 818 1197 874 1240; x_wconf 86' lang='lat' dir='ltr'><strong>vos</strong></span> <span class='ocrx_word' id='word_1_61' title='bbox 897 1197 1025 1241; x_wconf 86' lang='lat' dir='ltr'><strong>eausam</strong></span> <span class='ocrx_word' id='word_1_62' title='bbox 1045 1175 1183 1241; x_wconf 78' lang='lat' dir='ltr'><strong>ecelesia</strong></span> <span class='ocrx_word' id='word_1_63' title='bbox 1204 1175 1248 1240; x_wconf 84' lang='lat' dir='ltr'><strong>ad</strong></span> 
     </span>
     <span class='ocr_line' id='line_1_9' title="bbox 199 1277 1246 1364; baseline 0 -22"><span class='ocrx_word' id='word_1_64' title='bbox 199 1279 371 1343; x_wconf 76' lang='lat' dir='ltr'><strong>humanam</strong></span> <span class='ocrx_word' id='word_1_65' title='bbox 398 1285 594 1364; x_wconf 86' lang='lat' dir='ltr'><strong>potestatem</strong></span> <span class='ocrx_word' id='word_1_66' title='bbox 623 1278 793 1344; x_wconf 84' lang='lat' dir='ltr'><strong>detulistis.</strong></span> <span class='ocrx_word' id='word_1_67' title='bbox 841 1277 898 1342; x_wconf 90' lang='lat' dir='ltr'><strong>ilie</strong></span> <span class='ocrx_word' id='word_1_68' title='bbox 924 1277 1035 1344; x_wconf 85' lang='lat' dir='ltr'><strong>melior</strong></span> <span class='ocrx_word' id='word_1_69' title='bbox 1059 1299 1154 1364; x_wconf 89' lang='lat' dir='ltr'><strong>quam</strong></span> <span class='ocrx_word' id='word_1_70' title='bbox 1182 1299 1246 1343; x_wconf 87' lang='lat' dir='ltr'><strong>voe.</strong></span> 
     </span>
     <span class='ocr_line' id='line_1_10' title="bbox 201 1371 1247 1466; baseline -0.002 -22"><span class='ocrx_word' id='word_1_71' title='bbox 201 1382 266 1444; x_wconf 94' lang='lat' dir='ltr'><strong>Vos</strong></span> <span class='ocrx_word' id='word_1_72' title='bbox 287 1381 371 1444; x_wconf 89' lang='lat' dir='ltr'><strong>enim</strong></span> <span class='ocrx_word' id='word_1_73' title='bbox 395 1381 436 1443; x_wconf 88' lang='lat' dir='ltr'><strong>ad</strong></span> <span class='ocrx_word' id='word_1_74' title='bbox 459 1379 690 1466; x_wconf 76' lang='lat' dir='ltr'><strong>Imperatorem</strong></span> <span class='ocrx_word' id='word_1_75' title='bbox 712 1379 913 1458; x_wconf 75' lang='lat' dir='ltr'><strong>deferebatis,</strong></span> <span class='ocrx_word' id='word_1_76' title='bbox 937 1379 988 1445; x_wconf 92' lang='lat' dir='ltr'><strong>iiie</strong></span> <span class='ocrx_word' id='word_1_77' title='bbox 1009 1381 1051 1446; x_wconf 85' lang='lat' dir='ltr'><strong>ad</strong></span> <span class='ocrx_word' id='word_1_78' title='bbox 1075 1371 1247 1466; x_wconf 83' lang='lat' dir='ltr'><strong>episeopus.</strong></span> 
     </span>
     <span class='ocr_line' id='line_1_11' title="bbox 200 1481 1248 1568; baseline 0 -22"><span class='ocrx_word' id='word_1_79' title='bbox 200 1483 297 1547; x_wconf 88' lang='lat' dir='ltr'><strong>Dieta</strong></span> <span class='ocrx_word' id='word_1_80' title='bbox 317 1493 367 1548; x_wconf 93' lang='lat' dir='ltr'><strong>est</strong></span> <span class='ocrx_word' id='word_1_81' title='bbox 389 1505 486 1548; x_wconf 87' lang='lat' dir='ltr'><strong>eausa</strong></span> <span class='ocrx_word' id='word_1_82' title='bbox 506 1483 539 1546; x_wconf 93' lang='lat' dir='ltr'><strong>in</strong></span> <span class='ocrx_word' id='word_1_83' title='bbox 561 1482 731 1568; x_wconf 87' lang='lat' dir='ltr'><strong>episoopnii</strong></span> <span class='ocrx_word' id='word_1_84' title='bbox 749 1481 871 1568; x_wconf 87' lang='lat' dir='ltr'><strong>judioio</strong></span> <span class='ocrx_word' id='word_1_85' title='bbox 893 1482 956 1548; x_wconf 86' lang='lat' dir='ltr'><strong>illis</strong></span> <span class='ocrx_word' id='word_1_86' title='bbox 976 1484 1079 1568; x_wconf 85' lang='lat' dir='ltr'><strong>primo</strong></span> <span class='ocrx_word' id='word_1_87' title='bbox 1100 1505 1248 1548; x_wconf 87' lang='lat' dir='ltr'><strong>uoousan·</strong></span> 
     </span>
     <span class='ocr_line' id='line_1_12' title="bbox 200 1581 1250 1668; baseline -0.002 -19"><span class='ocrx_word' id='word_1_88' title='bbox 200 1585 296 1649; x_wconf 90' lang='lat' dir='ltr'><strong>tibus.</strong></span> <span class='ocrx_word' id='word_1_89' title='bbox 342 1585 475 1649; x_wconf 84' lang='lat' dir='ltr'><strong>Prolata</strong></span> <span class='ocrx_word' id='word_1_90' title='bbox 489 1592 540 1650; x_wconf 89' lang='lat' dir='ltr'><strong>est</strong></span> <span class='ocrx_word' id='word_1_91' title='bbox 554 1583 715 1648; x_wconf 86' lang='lat' dir='ltr'><strong>sententia</strong></span> <span class='ocrx_word' id='word_1_92' title='bbox 728 1604 786 1668; x_wconf 90' lang='lat' dir='ltr'><strong>pro</strong></span> <span class='ocrx_word' id='word_1_93' title='bbox 801 1581 980 1648; x_wconf 80' lang='lat' dir='ltr'><strong>Oaeeiiiano.</strong></span> <span class='ocrx_word' id='word_1_94' title='bbox 1026 1582 1159 1648; x_wconf 86' lang='lat' dir='ltr'><strong>illinon</strong></span> <span class='ocrx_word' id='word_1_95' title='bbox 1176 1604 1250 1648; x_wconf 88' lang='lat' dir='ltr'><strong>eon-</strong></span> 
     </span>
     <span class='ocr_line' id='line_1_13' title="bbox 201 1683 1250 1770; baseline 0.001 -21"><span class='ocrx_word' id='word_1_96' title='bbox 201 1685 283 1750; x_wconf 89' lang='lat' dir='ltr'><strong>tenti</strong></span> <span class='ocrx_word' id='word_1_97' title='bbox 314 1684 434 1769; x_wconf 88' lang='lat' dir='ltr'><strong>judioio</strong></span> <span class='ocrx_word' id='word_1_98' title='bbox 463 1683 677 1750; x_wconf 80' lang='lat' dir='ltr'><strong>ecelesiastieo</strong></span> <span class='ocrx_word' id='word_1_99' title='bbox 706 1705 904 1748; x_wconf 85' lang='lat' dir='ltr'><strong>murmurare</strong></span> <span class='ocrx_word' id='word_1_100' title='bbox 937 1693 1112 1770; x_wconf 85' lang='lat' dir='ltr'><strong>ooeperunt,</strong></span> <span class='ocrx_word' id='word_1_101' title='bbox 1140 1707 1250 1750; x_wconf 89' lang='lat' dir='ltr'><strong>rursus</strong></span> 
     </span>
     <span class='ocr_line' id='line_1_14' title="bbox 202 1787 1250 1874; baseline 0 -22"><span class='ocrx_word' id='word_1_102' title='bbox 202 1788 337 1852; x_wconf 86' lang='lat' dir='ltr'><strong>eundem</strong></span> <span class='ocrx_word' id='word_1_103' title='bbox 365 1790 598 1874; x_wconf 84' lang='lat' dir='ltr'><strong>imperatorem</strong></span> <span class='ocrx_word' id='word_1_104' title='bbox 620 1787 779 1863; x_wconf 87' lang='lat' dir='ltr'><strong>adierunt,</strong></span> <span class='ocrx_word' id='word_1_105' title='bbox 803 1793 878 1872; x_wconf 87' lang='lat' dir='ltr'><strong>post</strong></span> <span class='ocrx_word' id='word_1_106' title='bbox 901 1787 1077 1873; x_wconf 86' lang='lat' dir='ltr'><strong>episoopale</strong></span> <span class='ocrx_word' id='word_1_107' title='bbox 1097 1787 1250 1872; x_wconf 89' lang='lat' dir='ltr'><strong>judioium</strong></span> 
     </span>
     <span class='ocr_line' id='line_1_15' title="bbox 201 1887 1250 1976; baseline 0 -22"><span class='ocrx_word' id='word_1_108' title='bbox 201 1901 378 1976; x_wconf 77' lang='lat' dir='ltr'><strong>quarentes</strong></span> <span class='ocrx_word' id='word_1_109' title='bbox 402 1891 566 1976; x_wconf 89' lang='lat' dir='ltr'><strong>imperiale</strong></span> <span class='ocrx_word' id='word_1_110' title='bbox 590 1887 755 1974; x_wconf 79' lang='lat' dir='ltr'><strong>juditium.</strong></span> <span class='ocrx_word' id='word_1_111' title='bbox 799 1887 900 1954; x_wconf 86' lang='lat' dir='ltr'><strong>Dedit</strong></span> <span class='ocrx_word' id='word_1_112' title='bbox 925 1889 1060 1954; x_wconf 88' lang='lat' dir='ltr'><strong>alterum</strong></span> <span class='ocrx_word' id='word_1_113' title='bbox 1091 1890 1250 1954; x_wconf 75' lang='lat' dir='ltr'><strong>ecelesias·</strong></span> 
     </span>
     <span class='ocr_line' id='line_1_16' title="bbox 202 1989 1250 2079; baseline -0.003 -21"><span class='ocrx_word' id='word_1_114' title='bbox 202 1992 301 2058; x_wconf 79' lang='lat' dir='ltr'><strong>tirum</strong></span> <span class='ocrx_word' id='word_1_115' title='bbox 315 1993 401 2079; x_wconf 91' lang='lat' dir='ltr'><strong>apud</strong></span> <span class='ocrx_word' id='word_1_116' title='bbox 418 1993 597 2058; x_wconf 86' lang='lat' dir='ltr'><strong>Arelatnm.</strong></span> <span class='ocrx_word' id='word_1_117' title='bbox 631 1991 685 2055; x_wconf 79' lang='lat' dir='ltr'><strong>Ab</strong></span> <span class='ocrx_word' id='word_1_118' title='bbox 700 1991 770 2076; x_wconf 89' lang='lat' dir='ltr'><strong>ipso</strong></span> <span class='ocrx_word' id='word_1_119' title='bbox 783 1989 882 2056; x_wconf 84' lang='lat' dir='ltr'><strong>etiam</strong></span> <span class='ocrx_word' id='word_1_120' title='bbox 898 1990 1018 2077; x_wconf 88' lang='lat' dir='ltr'><strong>judioio</strong></span> <span class='ocrx_word' id='word_1_121' title='bbox 1031 1991 1077 2058; x_wconf 91' lang='lat' dir='ltr'><strong>iili</strong></span> <span class='ocrx_word' id='word_1_122' title='bbox 1089 1992 1132 2057; x_wconf 90' lang='lat' dir='ltr'><strong>ad</strong></span> <span class='ocrx_word' id='word_1_123' title='bbox 1147 1991 1250 2078; x_wconf 90' lang='lat' dir='ltr'><strong>ipsum</strong></span> 
     </span>
     <span class='ocr_line' id='line_1_17' title="bbox 203 2091 1251 2180; baseline 0.001 -22"><span class='ocrx_word' id='word_1_124' title='bbox 203 2094 433 2180; x_wconf 82' lang='lat' dir='ltr'><strong>imperatorem</strong></span> <span class='ocrx_word' id='word_1_125' title='bbox 448 2095 698 2180; x_wconf 75' lang='lat' dir='ltr'><strong>appellaverunt.</strong></span> <span class='ocrx_word' id='word_1_126' title='bbox 746 2093 858 2158; x_wconf 87' lang='lat' dir='ltr'><strong>Vietus</strong></span> <span class='ocrx_word' id='word_1_127' title='bbox 878 2091 1121 2177; x_wconf 85' lang='lat' dir='ltr'><strong>importunitate</strong></span> <span class='ocrx_word' id='word_1_128' title='bbox 1139 2115 1251 2158; x_wconf 86' lang='lat' dir='ltr'><strong>eorum</strong></span> 
     </span>
     <span class='ocr_line' id='line_1_18' title="bbox 203 2196 1250 2283; baseline -0.003 -22"><span class='ocrx_word' id='word_1_129' title='bbox 203 2197 302 2262; x_wconf 85' lang='lat' dir='ltr'><strong>voiuit</strong></span> <span class='ocrx_word' id='word_1_130' title='bbox 314 2205 348 2262; x_wconf 91' lang='lat' dir='ltr'><strong>et</strong></span> <span class='ocrx_word' id='word_1_131' title='bbox 363 2197 430 2282; x_wconf 90' lang='lat' dir='ltr'><strong>ipse</strong></span> <span class='ocrx_word' id='word_1_132' title='bbox 439 2219 568 2262; x_wconf 86' lang='lat' dir='ltr'><strong>oausam</strong></span> <span class='ocrx_word' id='word_1_133' title='bbox 578 2196 747 2283; x_wconf 74' lang='lat' dir='ltr'><strong>suscipere,</strong></span> <span class='ocrx_word' id='word_1_134' title='bbox 758 2201 857 2282; x_wconf 89' lang='lat' dir='ltr'><strong>atque</strong></span> <span class='ocrx_word' id='word_1_135' title='bbox 869 2216 1064 2280; x_wconf 83' lang='lat' dir='ltr'><strong>eognosoero.</strong></span> <span class='ocrx_word' id='word_1_136' title='bbox 1094 2196 1250 2280; x_wconf 86' lang='lat' dir='ltr'><strong>Suseepit,</strong></span> 
     </span>
     <span class='ocr_line' id='line_1_19' title="bbox 203 2296 1251 2384; baseline -0.001 -22"><span class='ocrx_word' id='word_1_137' title='bbox 203 2299 362 2384; x_wconf 86' lang='lat' dir='ltr'><strong>cognovit,</strong></span> <span class='ocrx_word' id='word_1_138' title='bbox 377 2298 578 2364; x_wconf 82' lang='lat' dir='ltr'><strong>Oaeoiiianum</strong></span> <span class='ocrx_word' id='word_1_139' title='bbox 591 2297 884 2364; x_wconf 79' lang='lat' dir='ltr'><strong>innocentissimum</strong></span> <span class='ocrx_word' id='word_1_140' title='bbox 895 2296 1061 2382; x_wconf 77' lang='lat' dir='ltr'><strong>judicavit,</strong></span> <span class='ocrx_word' id='word_1_141' title='bbox 1072 2299 1169 2364; x_wconf 89' lang='lat' dir='ltr'><strong>etiam</strong></span> <span class='ocrx_word' id='word_1_142' title='bbox 1185 2321 1251 2364; x_wconf 92' lang='lat' dir='ltr'><strong>om·</strong></span> 
     </span>
     <span class='ocr_line' id='line_1_20' title="bbox 203 2399 1252 2488; baseline 0.002 -24"><span class='ocrx_word' id='word_1_143' title='bbox 203 2421 260 2464; x_wconf 93' lang='lat' dir='ltr'><strong>nes</strong></span> <span class='ocrx_word' id='word_1_144' title='bbox 266 2401 424 2486; x_wconf 90' lang='lat' dir='ltr'><strong>jussiones</strong></span> <span class='ocrx_word' id='word_1_145' title='bbox 434 2399 669 2486; x_wconf 88' lang='lat' dir='ltr'><strong>imperatorum</strong></span> <span class='ocrx_word' id='word_1_146' title='bbox 682 2401 764 2484; x_wconf 85' lang='lat' dir='ltr'><strong>(sor.</strong></span> <span class='ocrx_word' id='word_1_147' title='bbox 776 2399 906 2464; x_wconf 70' lang='lat' dir='ltr'><strong>addam</strong></span> <span class='ocrx_word' id='word_1_148' title='bbox 917 2401 1130 2488; x_wconf 85' lang='lat' dir='ltr'><strong>oonfirmavit)</strong></span> <span class='ocrx_word' id='word_1_149' title='bbox 1139 2410 1252 2466; x_wconf 81' lang='lat' dir='ltr'><strong>eontra</strong></span> 
     </span>
     <span class='ocr_line' id='line_1_21' title="bbox 204 2501 1251 2589; baseline 0.002 -24"><span class='ocrx_word' id='word_1_150' title='bbox 204 2502 283 2566; x_wconf 91' lang='lat' dir='ltr'><strong>iilos.</strong></span> <span class='ocrx_word' id='word_1_151' title='bbox 328 2502 411 2583; x_wconf 77' lang='lat' dir='ltr'><strong>Quid</strong></span> <span class='ocrx_word' id='word_1_152' title='bbox 427 2503 561 2566; x_wconf 68' lang='lat' dir='ltr'><strong>mirum?</strong></span> <span class='ocrx_word' id='word_1_153' title='bbox 583 2502 681 2587; x_wconf 84' lang='lat' dir='ltr'><strong>(injus</strong></span> <span class='ocrx_word' id='word_1_154' title='bbox 692 2501 847 2587; x_wconf 90' lang='lat' dir='ltr'><strong>jndioium</strong></span> <span class='ocrx_word' id='word_1_155' title='bbox 861 2501 1026 2587; x_wconf 85' lang='lat' dir='ltr'><strong>flagitasti,</strong></span> <span class='ocrx_word' id='word_1_156' title='bbox 1041 2503 1109 2589; x_wconf 88' lang='lat' dir='ltr'><strong>ejus</strong></span> <span class='ocrx_word' id='word_1_157' title='bbox 1127 2511 1251 2568; x_wconf 89' lang='lat' dir='ltr'><strong>senten-</strong></span> 
     </span>
     <span class='ocr_line' id='line_1_22' title="bbox 204 2604 1251 2689; baseline 0.007 -23"><span class='ocrx_word' id='word_1_158' title='bbox 204 2604 284 2667; x_wconf 80' lang='lat' dir='ltr'><strong>tiam</strong></span> <span class='ocrx_word' id='word_1_159' title='bbox 306 2624 453 2668; x_wconf 72' lang='lat' dir='ltr'><strong>recusare</strong></span> <span class='ocrx_word' id='word_1_160' title='bbox 474 2604 592 2668; x_wconf 77' lang='lat' dir='ltr'><strong>undosi</strong></span> <span class='ocrx_word' id='word_1_161' title='bbox 621 2612 733 2671; x_wconf 82' lang='lat' dir='ltr'><strong>Extant</strong></span> <span class='ocrx_word' id='word_1_162' title='bbox 754 2611 816 2669; x_wconf 78' lang='lat' dir='ltr'><strong>hac</strong></span> <span class='ocrx_word' id='word_1_163' title='bbox 840 2610 869 2668; x_wconf 91' lang='lat' dir='ltr'><strong>in</strong></span> <span class='ocrx_word' id='word_1_164' title='bbox 894 2610 1026 2671; x_wconf 67' lang='lat' dir='ltr'><strong>Samene</strong></span> <span class='ocrx_word' id='word_1_165' title='bbox 1039 2612 1100 2671; x_wconf 81' lang='lat' dir='ltr'><strong>xix.</strong></span> <span class='ocrx_word' id='word_1_166' title='bbox 1118 2632 1178 2689; x_wconf 86' lang='lat' dir='ltr'><strong>rap.</strong></span> <span class='ocrx_word' id='word_1_167' title='bbox 1191 2611 1251 2673; x_wconf 87' lang='lat' dir='ltr'><strong>viii.</strong></span> 
     </span>
     <span class='ocr_line' id='line_1_23' title="bbox 205 2709 294 2786; baseline -0.034 0"><span class='ocrx_word' id='word_1_168' title='bbox 205 2727 233 2786; x_wconf 82' lang='lat' dir='ltr'><strong>n·</strong></span> <span class='ocrx_word' id='word_1_169' title='bbox 248 2709 294 2783; x_wconf 85' lang='lat'><strong>76·</strong></span> 
     </span>
    </p>
   </div>
   <div class='ocr_carea' id='block_1_3' title="bbox 0 0 1643 5150">
    <p class='ocr_par' dir='ltr' id='par_1_3' title="bbox 0 0 1643 5150">
     <span class='ocr_line' id='line_1_24' title="bbox 0 0 1643 5150; baseline 0 0"><span class='ocrx_word' id='word_1_170' title='bbox 0 0 1643 5150; x_wconf 95' lang='lat' dir='ltr'><strong> </strong></span> 
     </span>
    </p>
   </div>
  </div>
 </body>
</html>
