3242 5150
411 373 683 439 CONCILIUM
709 375 1033 440 ARELATENSE
1057 376 1087 440 Ι.
1199 378 1263 442 805

213 568 235 610 e
244 555 278 610 te
288 545 362 630 *qui
375 544 513 628 majores
524 544 675 608 dioeceses
684 550 784 621 tenes,
796 565 854 628 per
864 550 899 608 te
907 545 1108 630 potissimum
1119 545 1265 611 omnibus

213 656 376 720 insinuari.
421 654 506 734 Quid
519 662 628 720 eutem
642 654 685 719 sit
699 653 784 740 quod
798 655 997 732 senserimus,
1010 654 1130 739 scripto
1144 663 1263 720 nostrae

214 763 444 829 mediooritetis
463 762 695 847 subjunximus.
739 765 789 826 At
808 762 842 826 id
864 761 967 849 primo
989 763 1022 826 in
1043 763 1113 828 loeo
1136 765 1176 828 de
1197 764 1265 828 vitu

213 881 325 938 nostre
346 880 445 957 etque
467 871 607 937 utilitate
629 871 834 936 trootundum
855 870 929 946 suit,
943 878 982 936 ut
1004 871 1079 956 quis
1101 894 1182 936 unus
1204 895 1264 958 pro

213 981 323 1046 multis
335 989 480 1046 mortuus
494 988 545 1046 est
559 988 593 1046 et
607 981 790 1058 resurrexit,
803 982 846 1046 eb
860 981 1006 1048 omnibus
1017 989 1145 1069 tempus
1159 983 1264 1068 ipsum

213 1091 262 1156 itu
271 1091 419 1176 religiose
428 1099 535 1155 mente
545 1092 742 1168 observetur,
754 1113 795 1155 ne
805 1091 976 1156 divisiones
990 1093 1038 1156 vel
1054 1092 1264 1158 dissensiones

214 1200 247 1264 in
261 1209 355 1266 tento
369 1201 521 1286 obsequio
535 1201 712 1267 devotionis
725 1201 848 1287 possint
862 1223 1025 1286 exurgere.

727 1335 753 1398 Ι.

256 1446 453 1511 sOensemus
471 1466 549 1530 ergo
570 1445 696 1510 Pesehe
718 1445 847 1509 Domini
870 1467 927 1531 per
947 1446 1056 1511 orbem
1074 1453 1180 1513 totum
1201 1469 1264 1513 une

215 1556 266 1619 die
281 1557 451 1620 observari.
715 1641 752 1703 H

258 1751 311 1815 De
329 1751 380 1815 his
399 1773 534 1836 quoque,
550 1750 604 1836 qui
624 1751 873 1835 quibusoumque
892 1751 969 1815 loeis
988 1752 1127 1817 ordinati
1146 1753 1266 1816 fuerint

215 1861 362 1940 ministri,
377 1862 409 1925 in
425 1861 502 1946 ipsis
516 1859 592 1924 locis
606 1867 818 1945 perseverent.

705 1969 775 2034 III.

259 2081 310 2144 De
332 2080 383 2144 his
405 2080 514 2156 etiem,
530 2079 584 2164 qui
604 2101 696 2144 erma
715 2080 748 2144 in
769 2102 848 2166 peoe
869 2080 1052 2166 projioiunt,
1073 2081 1192 2166 pleouit
1211 2083 1267 2146 eb-

216 2190 334 2254 stinere
348 2211 403 2254 eos
418 2211 439 2253 e
453 2189 684 2253 eommunione.

707 2296 770 2361 IV.

258 2409 311 2473 De
326 2408 521 2473 Ciroisseriis
540 2408 752 2495 egitetoribus
767 2408 820 2494 qui
842 2409 951 2473 fideles
971 2417 1057 2488 sunt,
1072 2409 1192 2494 pleouit
1211 2433 1266 2476 eos

217 2521 366 2606 quamdiu
381 2527 491 2606 egunt,
506 2541 528 2584 e
541 2518 760 2584 communione
773 2519 914 2605 seperari
925 2524 954 2596 †.

723 2630 761 2694 V.

260 2740 382 2805 Dehis
405 2740 512 2826 quiin
537 2740 723 2803 infirmitate
747 2746 824 2803 sunt
849 2737 1028 2815 eonstituti,
1054 2744 1088 2801 et
1114 2740 1265 2803 heredere

218 2851 336 2927 volunt,
351 2850 471 2936 pleeuit
485 2851 531 2915 eis
546 2871 675 2915 menum
690 2850 819 2935 imponi.

710 2962 769 3026 VI.

260 3071 311 3135 De
326 3070 514 3156 praesidibus
527 3076 648 3147 eutem,
663 3068 716 3154 qui
731 3068 841 3133 fideles
855 3074 930 3133 sunt
945 3074 979 3135 et
997 3068 1040 3132 ed
1059 3068 1266 3153 preesidetum

218 3180 425 3259 ‡oonsiliunt,
448 3180 496 3244 ite
516 3178 646 3265 plueuit,
669 3186 707 3243 ut
728 3202 800 3244 oum
826 3176 965 3265 promoti
989 3176 1117 3257 fuerint,
1143 3178 1269 3243 litteras

218 3291 345 3377 quidem
366 3290 525 3375 eeoipient
545 3288 776 3355 eoolosieetioes
801 3286 1119 3354 communicatorias:
1151 3287 1198 3353 ite
1220 3295 1268 3351 te-

218 3421 299 3479 men,
331 3407 370 3465 ut
398 3400 431 3463 in
460 3399 710 3484 quibusoumque
741 3398 819 3463 ioois
846 3398 1013 3484 gesserint,
1042 3396 1085 3461 eb
1115 3396 1271 3483 episeopis

218 3511 359 3594 ejusdem
382 3509 442 3574 looi
465 3531 542 3573 oure
563 3509 604 3573 de
626 3508 687 3573 illis
707 3516 844 3593 agotum
869 3515 903 3572 et
925 3507 952 3571 si
975 3506 1130 3591 ooeperint
1156 3514 1271 3571 oontre

218 3617 414 3703 disciplinam
427 3639 533 3703 egero,
545 3623 622 3681 tuno
637 3616 764 3681 demum
778 3637 800 3681 e
814 3614 1034 3680 oommunioue
1049 3614 1269 3679 exeluduntur.

250 3862 265 3899 s
282 3854 354 3900 Vetus
370 3852 473 3901 museto
489 3866 608 3899 monem
623 3850 761 3899 medi
778 3852 805 3901 S.
818 3848 924 3908 essm
940 3862 991 3910 esp·
1005 3858 1045 3909 ²3.
1078 3846 1140 3895 Item
1157 3846 1272 3907 Audere-

218 3935 406 3995 oemisospnr.
505 3932 566 3980 hat.
577 3932 695 3981 metm

250 4072 266 4101 ⁰
277 4069 395 4134 (Negent,
402 4071 444 4133 qni
456 4071 542 4128 velint,
549 4070 590 4119 hio
599 4071 655 4129 dici,
661 4086 749 4133 popm
759 4071 898 4118 Romnum
907 4070 1010 4130 majores
1018 4068 1138 4127 dioeesess,
1145 4066 1198 4116 sive
1211 4082 1274 4115 non-

218 4152 296 4201 nullus
314 4151 433 4201 ωιιίωιι
448 4152 514 4201 inter
529 4151 583 4200 nh·
600 4152 694 4214 imperii
712 4151 817 4199 Romeni
833 4151 954 4209 dim,
968 4159 1066 4206 tenues
1083 4162 1133 4197 non
1150 4162 1203 4210 ego.
1239 4147 1277 4196 At

217 4249 329 4296 quanam
340 4234 452 4283 dioeeeses
463 4231 800 4295 noetmemeoenon
813 4230 923 4295 dioiurr.)
1054 4228 1162 4291 †(Ptus
1172 4229 1271 4275 additur

217 4314 244 4360 to
257 4314 396 4362 Curionibus
403 4315 496 4363 Arctet
507 4314 617 4376 posim
627 4327 689 4376 seqq.
757 4314 775 4375 ζ
786 4310 927 4376 (prosiliunt
938 4314 1058 4369 emona,
1065 4312 1108 4373 qui
1117 4308 1274 4371 efficuntur.)

263 4416 330 4457 VOL.
346 4416 389 4458 lv.
715 4415 736 4454 R
748 4414 765 4454 Γ
