3242 5150
362 395 426 462 436
694 392 1076 458 ANNO'I'ATIONES

362 579 415 634 tre
429 567 554 632 illarum
568 565 685 648 ῥήσεων
700 565 743 629 eit
762 563 835 640 ieta,
851 585 922 647 qnae
937 563 989 627 hic
1008 562 1135 627 sistitur
1149 583 1190 626 ex
1201 561 1366 646 Loquieno
1382 567 1420 625 et

361 693 401 736 ex
419 669 549 734 Schedis
563 668 587 731 J
589 668 700 732 oannis
716 667 846 733 Ernesti
862 666 975 730 Grabii
986 666 1018 729 in
1033 664 1227 730 bibliotheca
1237 665 1421 729 Bodleiana

361 794 493 836 numero
515 793 545 834 v.
568 771 701 846 notetis,
715 771 833 846 nescio,
856 791 929 834 cnm
950 769 1070 833 eaedem
1092 769 1261 833 sententiae
1282 767 1421 852 diligen-

362 875 442 938 tiam
457 871 551 936 amici
565 871 663 935 libros
677 894 735 957 pro
755 895 805 936 me
828 872 960 936 Parisiis
981 871 1214 957 permutantia
1234 871 1420 935 fefellerint.

361 975 485 1039 Eadem
507 981 617 1038 autem
639 976 724 1055 ῥῆσις
747 975 780 1038 in
796 974 908 1038 Grabii
932 973 1064 1038 Schedie
1082 973 1179 1038 MSS.
1194 972 1244 1038 bis
1264 971 1420 1048 occurrit,

363 1086 397 1143 et
418 1078 452 1142 in
473 1075 650 1161 posteriore
665 1077 792 1161 quidem
815 1078 885 1141 loco
907 1099 948 1140 ex
969 1077 1035 1140 eod.
1054 1075 1238 1141 Claromcut.
1253 1075 1422 1160 descripta

364 1178 596 1244 Paralhlorum
617 1179 809 1243 caudicum
830 1180 985 1253 leucoia
1010 1201 1081 1263 quae
1105 1178 1234 1262 quidem
1255 1176 1424 1241 Parallela

363 1307 384 1350 a
400 1283 561 1369 Leqnieno
576 1289 650 1368 post
661 1293 795 1345 mortem
806 1281 919 1347 Grabii
930 1281 1019 1346 edita
1033 1281 1229 1366 prodierunt.
1260 1279 1306 1345 Et
1316 1301 1421 1344 unum

364 1389 425 1452 hoc
439 1377 752 1472 operis'Dionyeiani
772 1384 987 1469 fragmentum
1009 1385 1095 1468 qnod
1114 1385 1202 1468 apud
1218 1382 1421 1469 lequiennm

364 1488 505 1552 iuvenire
537 1486 637 1573 potui,
670 1508 690 1550 a
728 1486 899 1551 Gallsndio
933 1486 1025 1550 video
1057 1486 1220 1570 adjectum
1256 1486 1421 1571 prioribus

364 1589 522 1676 excerptis
544 1588 743 1666 Eusebianis,
759 1610 831 1673 quae
849 1589 918 1673 ipse
936 1588 969 1654 in
989 1595 1078 1655 tomo
1100 1588 1198 1653 tertio
1212 1587 1421 1652 Bibliotheca

365 1718 431 1760 suae
446 1697 582 1758 Petrum
597 1714 637 1757 ex
648 1691 787 1756 editione
799 1691 972 1777 Vigeriana
982 1691 1025 1754 ad
1039 1692 1170 1755 verbnm
1181 1697 1320 1776 sumpta,
1331 1690 1422 1758 inter

365 1811 473 1862 cetera
488 1795 634 1880 Dionysii
650 1794 862 1859 Alexandrini
879 1793 1075 1880 Fragmenta
1088 1793 1243 1879 reposuit.

410 1899 534 1981 P.418.
553 1899 574 1962 l.
591 1917 639 1983 15·
662 1904 720 1961 τῶν
742 1898 907 1982 μεγίστων]
936 1896 999 1962 Ηίο
1024 1895 1164 1961 editione
1185 1895 1421 1960 resarsurum

368 2001 532 2086 Lequieua
552 1999 664 2064 relicta
684 2022 755 2084 quae
775 1999 905 2064 exhibet
923 2006 1081 2079 μεριστῶν,
1096 1998 1211 2063 Grabii
1230 1998 1419 2085 apographo

365 2105 516 2185 μεγίστων
538 2101 648 2166 debeo.
693 2105 749 2166 An
771 2105 845 2184 ὕπερ
868 2101 959 2166 αὐτὸν
980 2123 1039 2186 pro
1060 2100 1109 2165 ὑπ’
1134 2099 1226 2166 αὐτὸν
1248 2100 1419 2186 legendnm

369 2205 437 2268 esti

412 2305 494 2369 Ibid.
510 2305 530 2369 l.
546 2307 595 2370 16.
612 2312 664 2370 τοῦ
679 2309 803 2387 ἀριθμοῦ
818 2312 871 2370 τοῦ
885 2305 1002 2391 αἰῶνος]
1018 2304 1103 2386 Quid
1118 2305 1160 2372 sit
1175 2305 1343 2385 istud,nisi
1356 2305 1420 2391 sig·

368 2407 516 2472 nificetur
529 2407 639 2472 mundi
654 2409 703 2473 vel
717 2411 885 2474 harmonia
898 2408 947 2473 vel
961 2407 1077 2484 anima
1091 2407 1140 2472 vel
1154 2407 1347 2484 substantia,
1359 2415 1420 2472 aut

369 2511 505 2596 deniqne
525 2511 593 2596 ipse
617 2534 767 2577 numerus
791 2510 949 2586 denarius,
971 2510 1092 2597 ignoro.
1139 2511 1234 2577 (lons.
1257 2510 1420 2577 Meursius

367 2616 416 2678 De
430 2617 571 2680 Dmauio
586 2638 655 2703 cap.
668 2615 726 2680 ult.
743 2638 774 2702 p.
792 2635 860 2696 109.

412 2717 492 2782 lbid.
509 2719 530 2781 l.
547 2736 595 2799 17.
612 2718 775 2785 ἀτέλεστος
789 2718 860 2802 τῶν]
878 2718 1070 2802 Suppeditat
1088 2716 1215 2803 quidem
1229 2717 1420 2802 particulam

370 2821 418 2883 rol
439 2826 515 2883 ante
535 2818 696 2889 ἀτέλεστος
720 2818 831 2885 Grabii
856 2827 1025 2904 utrumqne
1046 2820 1277 2907 apographum,
1295 2820 1351 2885 sed
1371 2819 1422 2886 ita

372 2944 497 3006 quoque
512 2930 571 2987 τῶν
585 2924 752 2989 delendum
768 2930 865 2988 esset.

416 3024 499 3087 lbid.
515 3025 536 3088 l.
549 3045 600 3107 24.
615 3024 834 3110 Ἐργοοτήριον
855 3026 1019 3106 ἀνθρώπων
1033 3024 1107 3110 dle]
1128 3024 1242 3091 Ponit&
1257 3031 1332 3089 sunt
1346 3045 1367 3089 a
1379 3024 1421 3090 cl.

369 3126 492 3190 editore
520 3128 652 3210 Operum
674 3130 708 3192 8.
720 3127 867 3211 Dionysii
885 3127 974 3192 Alae.
999 3128 1111 3193 Romae
1129 3130 1211 3213 1796
1226 3128 1314 3192 calce
1334 3132 1421 3191 eete-

369 3248 478 3290 rorum
493 3227 759 3313 Fragmeutorum
770 3229 935 3293 librorum
946 3232 997 3294 De
1008 3233 1139 3295 Nature
1153 3232 1225 3295 duae
1238 3230 1309 3294 istae
1317 3230 1422 3312 ῥήσεις

371 3350 411 3392 ex
431 3328 539 3393 codice
563 3330 719 3395 Vaticano
734 3354 796 3395 nur.
822 3333 1000 3418 descriptae.
1046 3336 1225 3419 Postquam
1250 3356 1327 3399 vero
1350 3332 1422 3398 illas

372 3452 456 3495 auno
475 3431 556 3495 1818
580 3432 612 3495 in
634 3434 868 3501 Additamento
889 3438 932 3500 ad
952 3437 1069 3501 volrv.
1092 3438 1310 3523 Reliquiamm
1331 3437 1423 3500 Scor.

372 3533 611 3614 collocaveram,
639 3536 769 3602 taudem
806 3540 883 3605 mihi
921 3540 1062 3604 innotuit
1095 3540 1211 3605 allatae
1243 3537 1422 3623 antiquitus

371 3636 497 3700 easdem
524 3636 620 3701 luisse
646 3660 667 3703 a
690 3638 827 3705 Leontio
852 3650 886 3707 et
911 3642 1059 3706 Johanne
1087 3642 1120 3705 in
1151 3641 1249 3705 Libro
1275 3640 1423 3705 Secundo

372 3739 487 3801 Reum
511 3740 692 3818 Sacrorum,
716 3764 811 3826 quem
834 3744 1014 3829 nuperrime
1037 3746 1225 3829 anno1833
1252 3765 1324 3808 cum
1343 3742 1423 3807 orbe

372 3840 519 3903 litterato
547 3844 791 3909 communicavit
825 3845 882 3910 cel.
913 3845 1057 3931 Angelus
1089 3844 1197 3910 Maius
1224 3845 1258 3908 in
1283 3846 1345 3910 vol.
1364 3866 1420 3910 vn.

373 3941 472 4005 Nosce
489 3940 676 4009 delectione
698 3947 762 4011 Vet.
780 3948 971 4033 Smptmum
988 3968 1083 4033 pagg.
1094 3946 1135 4029 98
1154 3953 1188 4011 et
1205 3947 1277 4010 108.
1321 3948 1422 4030 Apud

375 4040 500 4106 Maium
526 4045 641 4129 prioris
664 4048 778 4129 ῥήσεως
801 4057 852 4114 est
880 4050 1066 4137 epigraphe,
1093 4049 1255 4112 Διονυσίου
1278 4045 1424 4125 Ἀλεξαν-

375 4145 473 4225 δρείας
488 4146 521 4209 ἐκ
535 4152 588 4210 τοῦ
601 4149 668 4229 περὶ
683 4152 814 4230 φύσεως,
830 4151 972 4228 alterius,
989 4155 1041 4215 τοῦ
1053 4150 1198 4230 μακαρίου
1210 4150 1372 4213 Διονυσίου
1387 4150 1424 4212 ἐν

374 4248 414 4331 τῷ
431 4250 642 4329 περὶφύσεως.
683 4250 763 4315 Cum
778 4252 811 4316 in
826 4254 966 4319 editione
979 4244 1124 4337 Dionysii
1140 4250 1287 4316 Romana
1299 4250 1424 4316 mendis

376 4356 537 4417 scaterent
552 4352 619 4417 hac
637 4360 798 4438 excerpta,
821 4356 987 4443 plerasque
1007 4374 1117 4423 earum
1139 4352 1174 4417 in
1187 4352 1423 4419 Additamento
