3242 5150
330 412 373 473 80
668 407 1047 472 ANNOTATIONES

330 578 569 642 memorandum
600 584 661 654 est,
696 576 781 661 quod
811 574 961 639 Valesius
990 575 1022 638 in
1052 573 1137 638 notis
1167 575 1208 638 ad
1239 573 1382 639 Socratis

330 683 374 745 H.
389 681 430 744 Ε.
448 681 475 743 1.
496 699 545 743 ιο.
569 679 622 742 illa
644 680 685 742 de
706 679 888 764 Paphnutio
913 678 1012 742 audet
1037 677 1179 761 rejicere,
1204 698 1263 740 sna
1284 675 1383 761 ipsius

330 782 428 846 verba
456 791 539 857 sunt,
569 781 747 867 praesertim
776 803 848 845 oum
871 781 957 845 iuter
979 780 1153 865 episeopus,
1176 779 1229 863 qui
1252 778 1383 843 Nieaeno

330 883 462 948 coneilio
473 883 737 968 subscripserunt,
749 883 853 948 nullus
867 905 906 946 eo
919 882 1043 946 nomine
1058 881 1245 966 reperiatur.
1290 881 1383 962 Quod

330 997 438 1051 tamen
457 995 589 1050 auctore
614 986 796 1070 Paphnutio
820 985 905 1070 apud
928 984 1093 1048 eonoilium
1117 983 1281 1048 Nieaennm
1296 984 1382 1048 haud

332 1089 541 1155 coustitutum
564 1095 624 1167 est,
648 1088 724 1151 illud
748 1087 837 1170 prius
859 1087 1058 1152 stabiliverat
1079 1086 1112 1149 in
1131 1085 1290 1171 Hispania
1310 1109 1383 1151 oon-

331 1189 437 1254 eiiium
450 1188 693 1254 Eliberitaanm.

427 1358 490 1416 Τοῦ
504 1355 590 1435 ἁγίου
606 1353 723 1434 Πέτρου
736 1350 975 1430 Ἀλεξανδρείας,
989 1350 1057 1431 περὶ
1072 1351 1283 1432 Βλασφημίας.

369 1494 474 1562 Ὀπως
489 1494 522 1558 δέ
537 1520 573 1558 σε
589 1496 637 1557 καὶ
651 1493 710 1558 ἀπὸ
730 1493 893 1574 διηγήσεως
909 1492 1042 1574 μεγάλης
1061 1494 1244 1576 προσπείσα,
1260 1495 1307 1557 ὅτι
1326 1519 1382 1573 περ

331 1597 365 1660 οὐ
387 1603 439 1660 τοῦ
462 1597 618 1678 ἀνθρώπου
641 1597 724 1660 ἐστίν
745 1597 763 1674 ή
785 1597 904 1675 τοιαύτη
926 1597 1078 1675 δυσσεβὴς
1100 1597 1210 1669 ἔννοια,
1227 1599 1309 1661 θλλδ
1331 1602 1383 1659 τοῦ

330 1705 461 1782 πονηροῦ
482 1701 629 1777 δαίμονος,
653 1700 783 1762 ἄκουσον
804 1703 1024 1782 ψυχοφελλοῦς
1045 1697 1285 1780 ἆποφθίγματος.
1311 1700 1382 1762 ποτὲ

330 1805 388 1885 γδρ
415 1803 501 1882 καμοὶ
528 1803 601 1885 (ior.
627 1803 714 1886 κημέ)
739 1806 791 1864 τοῦ
815 1804 949 1865 τοιούτου
972 1806 1203 1884 διανοχλαῦντος
1223 1805 1381 1883 λογισμοῦ,

331 1906 479 1984 ἀνεθέμην
493 1903 582 1968 αὐτὸν
598 1905 637 1988 τῷ
653 1908 705 1966 τοῦ
720 1909 802 1968 Θεοῦ
818 1904 977 1984 θεράποντι
992 1903 1039 1966 καὶ
1054 1905 1222 1984 ὁμολογιμῇ
1238 1909 1382 1984 Παφνου·

329 2009 391 2092 rip·
414 2007 496 2073 ὅστις
514 2030 565 2085 μοι
583 2005 776 2088 διισχυρίζετο
796 2005 907 2086 λέγων·
935 2005 981 2067 ὅτι
1000 2006 1035 2067 ἒν
1053 2005 1130 2089 αὐτῷ
1147 2008 1187 2089 τηῦ
1207 2005 1382 2087 δικαστηρίῳ

329 2108 416 2186 ήνικα
430 2109 498 2186 πυρὶ
514 2109 561 2172 καὶ
575 2107 723 2187 βασάνοις
737 2106 771 2169 τδ
792 2113 878 2185 σῶμα
897 2108 971 2188 ὑπὲρ
987 2111 1117 2187 Χριστοῦ
1139 2107 1317 2178 κατεκαίετο,
1334 2108 1383 2170 καὶ

331 2211 444 2287 ἔξαίετα
454 2207 530 2293 (leg.
542 2209 742 2292 ἔξεκαίετο),δ
759 2210 870 2289 δαίμων
886 2210 954 2274 ἔνδο
971 2208 1161 2292 θεήιου(ίος.
1172 2212 1259 2272 ἔνδον
1275 2209 1381 2295 θῦμον)

331 2313 405 2374 κατὰ
420 2315 471 2372 τοῦ
487 2315 569 2374 Θεοῦ
583 2312 783 2390 βλασφημίας
795 2311 972 2393 ἐφθέγγετο.
996 2311 1069 2392 πρὸς
1077 2311 1113 2375 δν
1123 2313 1383 2393 ἐμβριμησάμενος

329 2415 404 2492 μετὰ
419 2417 501 2477 Θεοῦ
523 2412 617 2477 εἶπον·
644 2411 806 2493 ὦπονηρί·
832 2414 867 2476 τδ
885 2421 971 2493 σῶμα
989 2439 1046 2492 μου
1065 2414 1112 2477 καὶ
1130 2415 1183 2493 τήν
1200 2413 1304 2497 ψυχήν
1325 2439 1382 2493 μου

331 2513 443 2580 δέδωκα
459 2517 501 2582 είς
524 2514 663 2591 θάνατον,
682 2517 732 2580 ίνα
750 2517 790 2596 μή
808 2516 899 2581 αὐτὸν
920 2515 1101 2599 ἀρνήσομαι,
1119 2515 1137 2597 ή
1154 2517 1381 2600 βλασφημήσα·

331 2620 379 2682 καὶ
402 2620 440 2683 σὺ
461 2621 626 2700 λογισμούς
647 2644 697 2697 μοι
720 2621 918 2700 βλασφημίας
941 2626 1064 2693 λαλεῖςς
1097 2623 1125 2683 εί
1146 2621 1198 2684 τὸν
1221 2622 1304 2685 Θεόυ
1325 2645 1381 2700 μου

329 2727 513 2803 βλασφημῶ,
530 2727 591 2788 πῦς
605 2723 680 2804 ὑπὲρ
701 2722 789 2784 αὐτοῦ
808 2727 861 2786 νῦν
879 2722 918 2786 δι’
941 2724 1090 2804 depictos
1110 2725 1231 2802 αίματος
1247 2728 1383 2804 μαρτυριῦ

332 2824 379 2885 καὶ
400 2829 574 2903 προσηνῶς
604 2825 686 2887 uara
707 2825 859 2903 πρόδηλον
880 2826 927 2888 ὅτι
948 2826 966 2903 ἡ
987 2827 1044 2904 μὲν
1066 2825 1142 2904 καλή
1165 2828 1311 2907 ὁμολογία
1335 2825 1382 2889 καὶ

329 2925 472 3004 μαρτυρία
488 2924 543 3004 ἐμή
557 2924 709 3006 τυγχάνειι
737 2926 755 3004 ή
771 2928 802 2988 δὲ
820 2928 893 2988 κατὰ
907 2930 960 2988 τοῦ
974 2931 1057 2990 Θεοῦ
1071 2929 1255 3007 βλασφημία
1269 2926 1317 3005 σὴ,
1334 2926 1382 2988 καὶ

331 3026 382 3088 ἐπί
395 3049 432 3087 σε
448 3026 670 3105 ἐπιστρέφεται.

374 3126 436 3189 Sed
459 3125 527 3189 haeo
548 3126 713 3189 hactenus.
758 3126 947 3201 Βὶαιτίδατυ,
968 3149 1064 3212 quam
1090 3127 1239 3190 Petavius
1262 3128 1382 3211 primus

330 3227 430 3291 edidit
452 3227 486 3290 iu
505 3226 697 3311 Umaoioqio,
718 3250 755 3291 ae
776 3238 889 3312 postea
910 3229 1094 3314 Ducangius
1117 3238 1192 3293 ante
1216 3229 1381 3293 Uirouirou

330 3329 481 3394 Paaoioie
496 3352 551 3393 seu
569 3328 818 3393 Aberaudriuum
837 3331 952 3417 posuit,
969 3331 1029 3395 etsi
1047 3334 1145 3395 Petro
1162 3331 1381 3396 Alexandrino

329 3432 475 3517 episeopo
498 3439 531 3494 et
552 3431 685 3515 martyri
707 3432 739 3495 iu
760 3432 921 3497 codicibus
942 3432 1069 3517 seriptis
1091 3432 1250 3497 attributa
1272 3433 1378 3507 fuerit,

331 3535 420 3598 Petri
441 3542 548 3599 tamen
571 3556 634 3597 noa
658 3556 737 3611 esse,
759 3556 831 3598 eum
854 3534 887 3597 in
911 3558 950 3599 ea
970 3535 1150 3599 adducatur
1170 3533 1380 3610 Athanasius,

330 3636 429 3718 liquet
449 3635 498 3699 vel
521 3636 636 3721 pueris,
657 3636 705 3701 ait
720 3636 836 3701 Oavius
858 3638 890 3701 in
906 3638 992 3701 Hist.
1011 3637 1072 3701 Lit.
1088 3636 1142 3721 qui
1163 3638 1302 3699 nondum
1317 3659 1381 3701 aere

328 3738 487 3802 lavantur.
532 3740 618 3803 Addi
634 3746 764 3823 possent
780 3748 813 3804 et
829 3740 892 3803 alia
908 3744 957 3819 τῆς
971 3740 1087 3805 νοθείας
1101 3738 1227 3803 indicia
1273 3741 1382 3803 Pauca

329 3840 451 3904 interea
473 3840 723 3926 fragmentorum
746 3840 879 3906 istorum
902 3841 1059 3906 Chronico
1075 3841 1223 3905 l'asehali
1243 3841 1381 3925 praemis-

329 3964 437 4006 sorum
460 3943 503 4007 Is.
526 3942 734 4009 Oasaubonus
756 3944 788 4007 in
806 3944 942 4007 Εασταῦ.
958 3943 1020 4006 xvi.
1036 3943 1307 4007 Anti-Bareaiaua
1326 3964 1378 4026 pp.

329 4065 404 4123 4¹0·
420 4052 453 4109 et
467 4062 541 4130 590.
556 4046 605 4109 ed.
616 4046 734 4110 Gener.
752 4054 907 4131 tanquam
922 4047 947 4109 si
963 4068 1073 4110 revera
1084 4045 1118 4109 S.
1131 4046 1222 4109 Petri
1238 4045 1379 4120 fuissent,

330 4168 369 4210 ex
400 4146 499 4211 MSto
529 4147 604 4210 oiim
633 4148 822 4231 protulerat.
882 4150 992 4233 Atque
1021 4154 1125 4213 totam
1155 4146 1320 4213 collocavit
1348 4146 1380 4209 in

331 4247 363 4312 S.
383 4248 472 4313 Petri
499 4248 651 4334 Reliqniis
674 4249 855 4315 Diatridum
881 4251 1067 4315 Gallandins
1088 4249 1121 4313 iu
1143 4256 1231 4313 tomo
1252 4248 1290 4310 iv.
1315 4269 1380 4312 suae

330 4350 525 4415 Bibliothecae
540 4352 684 4428 Petrum,
705 4352 822 4416 omissa
841 4360 949 4417 tamen
963 4352 998 4417 S.
1014 4350 1183 4416 Athanasii
1205 4350 1300 4431 ῥήσει,
1316 4370 1380 4434 qua
