3242 5150
350 423 382 484 S.
407 421 626 486 DIONYSII
650 423 799 487 ALEX.
826 425 889 488 DE
913 426 1131 490 NATURA.
1203 429 1264 491 tul

218 602 361 697 ουργοῦ·
390 601 420 675 εἰ
439 593 477 674 δὲ
494 595 725 698 άπροαίρετος
743 599 801 675 καὶ
819 598 895 676 κατ’
916 595 1084 700 ἀνάγκην,
1105 601 1152 682 ὡς
1181 596 1268 678 ἁλό-

218 763 304 830 γων,
331 730 354 828 ἡ
377 728 554 835 σύνερξις,
572 728 691 836 σοφάς
718 764 771 815 τις
796 729 906 815 atinde
930 730 1135 836 άγελάρχιγς
1163 767 1268 812 συνε-

218 860 361 941 λαύνων
388 861 646 962 ἐπεστάτησεν·
685 869 715 942 εἰ
742 863 781 943 δὲ
807 865 978 948 ἑκουσίως
1005 868 1266 968 ἐθελουργῆσαι

217 996 500 1097 συγκελλεινται,
513 995 711 1096 θαυμάσιάς
724 1032 778 1082 τις
797 999 914 1078 αι’ντῶν
932 998 1147 1103 ἀρχιτέκτων
1158 1002 1261 1102 ἐργο-

189 1133 331 1220 5δοτῶν
355 1129 602 1233 προηγήσατο·
628 1130 652 1233 ἢ
677 1131 837 1235 καθάπερ
867 1136 1033 1217 εὔτακτος
1061 1132 1267 1236 στρατηγὸς

216 1264 258 1342 οὐ
277 1263 546 1367 συγκεχυμένην
563 1266 661 1346 εἴασε
679 1264 745 1365 τὴν
763 1266 948 1371 στρατιάν,
967 1271 1025 1347 καὶ
1043 1268 1162 1348 πάντα
1179 1272 1265 1347 άνα-

216 1398 291 1505 μὶξ,
305 1400 391 1477 ἀλλ’
405 1403 444 1478 ἐν
461 1399 558 1502 με’ρει
575 1400 641 1499 μὲν
655 1399 721 1500 τὴν
731 1402 852 1499 ἵππον,
865 1403 935 1509 ἰδίᾳ
953 1403 991 1483 δὲ
1004 1399 1085 1485 τοὺς
1103 1403 1265 1502 ὁπλίτας,

215 1533 298 1616 τούς
311 1567 349 1612 τε
363 1533 577 1620 ἀκοντιστάς
591 1537 668 1615 καθ
690 1536 845 1635 ἑαυτοὺς,
859 1541 916 1617 καὶ
934 1540 1042 1642 χωρὶς
1060 1535 1142 1620 τοὺς
1152 1536 1260 1644 τοξά-

214 1702 291 1766 τας,
313 1667 470 1753 καὶτοὺς
489 1672 736 1775 σφενδονίτας,
755 1673 841 1752 ἔνθα
859 1675 968 1778 ἐχρῆν
986 1672 1185 1780 διετάξατο,
1205 1675 1263 1752 ἵνα

169 1835 205 1873 10
214 1803 392 1904 ἀλλήλοις
427 1813 459 1886 οἱ
492 1806 682 1906 ὁμάσκευοι
719 1816 955 1912 συμμαχοῖεν.
985 1813 1052 1886 Ἐἰ
1086 1806 1123 1886 δὲ
1155 1817 1262 1887 τοῦτο

213 1941 347 2044 χλεύην
365 1942 497 2021 οἴονται
524 1940 566 2021 τὸ
588 1941 829 2046 παράδειγμα,
854 1941 976 2023 διὰτὸ
997 1941 1168 2044 μεγάλων
1186 1976 1263 2020 σω-

211 2073 336 2174 μάτων
353 2112 398 2174 με
415 2074 506 2180 πρὸς
524 2076 570 2156 τὰ
588 2075 766 2181 ἐλάχιστα
782 2083 963 2159 ποιεῖσθαι
981 2076 1187 2178 σύγκρισιν,
1204 2077 1263 2155 ἐπὶ

211 2208 258 2289 τά
275 2209 500 2315 σμικρότατα
517 2212 809 2311 μεταβησόμεθα.

255 2344 331 2409 Εἶτα
345 2347 460 2413 τούτοις
475 2347 541 2424 ἑξῆς
555 2345 701 2426 ἐπιλέγει,
717 2351 879 2424 (Eusebius
893 2350 1015 2428 inquit.)

701 2540 759 2604 111

160 2688 200 2748 '15
267 2656 313 2728 Ei
332 2648 368 2729 δὲ
395 2648 484 2750 μήτε
509 2650 617 2757 λε’ξις,
632 2649 720 2750 μήτε
744 2650 887 2751 ἐκλογὴ,
904 2650 994 2750 μήτε
1018 2650 1120 2757 τάξις
1138 2654 1260 2737 αι’νταῖς

211 2783 383 2888 άρχοντος
396 2785 577 2884 ἐπικέοιτο,
597 2787 699 2866 αὐταὶ
718 2784 756 2865 δὲ
778 2787 833 2891 ἐφ’
853 2787 987 2864 ἑαυτῶν
1006 2784 1115 2871 αὑτὰς
1139 2790 1178 2866 ἐκ
1198 2792 1261 2885 τῆς

209 3007 388 3092 conjunctio,
420 3008 560 3145 sapientis
588 3008 707 3067 omniuo
758 3006 1050 3066 omnesdimicarent.
1093 3008 1154 3079 Qui
1174 3008 1198 3067 ui
1218 3010 1259 3067 ri·

208 3088 333 3166 pastoris
347 3109 435 3146 manu
464 3108 550 3146 ocum
569 3090 600 3146 iu
614 3109 706 3147 unum
757 3086 886 3145 diculum
901 3087 956 3145 hoe
969 3087 1095 3167 exempli
1107 3108 1201 3166 genus
1215 3109 1259 3149 eu·

208 3166 342 3246 compelli
364 3168 506 3227 debuere:
535 3169 560 3227 ti
581 3169 707 3246 denique
756 3188 788 3227 ue
801 3168 910 3235 dicent,
922 3167 1000 3244 quod
1011 3188 1180 3246 magnorum
1197 3188 1260 3227 cor-

161 3260 312 3327 uoeuupte
333 3260 438 3327 upoute
456 3248 652 3308 voluntarium
670 3249 707 3307 ud
756 3267 860 3326 porum
872 3268 938 3307 cum
953 3248 1079 3307 minimis
1093 3251 1257 3308 eontentio·

207 3350 226 3385 ο
247 3348 282 3386 us
319 3349 490 3396 convenere,
529 3330 706 3388 admirabilis
756 3348 823 3386 nem
838 3328 1008 3399 instituam
1024 3328 1061 3388 ud
1075 3328 1256 3389 minimuve·

207 3428 227 3485 p
276 3410 502 3479 eurchitectus,
527 3430 705 3489 operumque
756 3407 879 3467 uiemus.

206 3508 320 3563 pruses,
351 3509 435 3547 tuum
465 3491 571 3567 cuique
598 3510 706 3550 munus
792 3486 860 3541 Haec
872 3486 924 3541 ille.
952 3486 1071 3569 'Quibus
1086 3486 1181 3542 deinde
1196 3506 1256 3559 quae

206 3588 386 3647 pensumque
434 3570 605 3649 descripsit:
654 3582 706 3629 uut
755 3556 1046 3628 ⁸0q1¹¹¹¹¹i¹²f⁸dlu¹¹8¹i=

158 3671 175 3709 2
178 3664 196 3729 5
207 3649 450 3725 quemadmodum
474 3650 585 3708 ordinis
606 3670 705 3709 amane

206 3730 372 3807 imperator,
408 3750 467 3787 nou
502 3731 704 3808 perturbatum
972 3706 1035 3766 ῙῙῘ·

204 3808 324 3886 reliquit
353 3811 524 3879 exercitum,
549 3831 610 3869 non
636 3830 704 3889 per·
795 3810 885 3887 Quod
898 3812 922 3870 ni
938 3812 1027 3879 ducis,
1042 3812 1149 3889 inquit,
1161 3834 1255 3893 neque

204 3890 318 3947 misceri
343 3892 440 3950 omniu
469 3911 568 3968 puseus
592 3902 647 3959 est,
672 3901 702 3948 at
753 3912 870 3960 nomeu,
888 3911 984 3968 neque
1003 3894 1143 3963 delectus,
1159 3914 1254 3972 neque

204 3966 268 4026 loeo
290 3990 343 4028 suo
360 3972 498 4048 equitem,
516 3972 702 4049 peditemque
752 3970 904 4033 collocutio
925 3973 956 4031 iu
974 3994 1072 4033 earum
1087 3994 1118 4032 se
1140 3994 1171 4034 ee
1191 3995 1254 4033 mo·

154 4071 194 4127 30
204 4067 258 4105 suo
271 4048 425 4128 dispouuit,
439 4050 614 4127 jaculatores
631 4052 702 4111 item
752 4052 931 4112 demtionem
953 4053 1090 4131 ingessitt
1116 4064 1146 4113 ut
1169 4056 1254 4132 ipuoe-

203 4129 332 4195 seorsim,
341 4132 518 4206 seomimque
527 4132 702 4209 sagittarios.
752 4143 815 4191 met
836 4144 941 4212 suopte
961 4135 1091 4200 arbitrio,
1106 4154 1143 4193 ex
1161 4134 1255 4193 multu

203 4218 292 4285 atque
318 4210 369 4267 ubi
393 4231 445 4289 pur
471 4222 534 4270 erat
561 4212 700 4271 fundibu·
752 4233 815 4273 sete
833 4214 965 4273 continui
985 4214 1082 4274 fluxus
1095 4215 1181 4272 turbu
1195 4214 1254 4271 col·

202 4286 289 4347 latios
303 4288 463 4358 collocavit,
482 4302 516 4350 ut
536 4292 639 4351 similit
657 4312 701 4350 ur·
752 4293 886 4372 figentes,
916 4314 1079 4372 magnoque
1109 4294 1252 4351 variarum

203 4378 324 4427 muturae
356 4370 463 4429 milites
494 4371 580 4429 timul
613 4373 700 4430 etiam
752 4374 985 4432 uommiusinnum
1009 4372 1140 4432 tumultu
1164 4371 1253 4430 decli.

245 4484 313 4527 von.
329 4486 371 4528 iv.
767 4485 786 4551 3
804 4490 822 4528 u
