3242 5150
377 396 443 458 350
609 393 642 456 S.
665 391 911 456 PAMPHILI
938 388 1194 453 MARTYRIS

378 563 535 648 exposuit,
551 583 624 627 eum
645 563 692 628 ait
714 561 801 626 illam
822 560 923 625 solam
945 560 1158 646 recipiendam
1179 567 1214 624 et
1236 560 1430 625 credendam

377 693 447 736 esse
470 672 648 749 veritatem,
664 694 736 758 quae
760 672 794 735 iu
817 670 903 735 nullo
924 671 1119 758 Apostolicis
1139 677 1173 735 et
1197 663 1431 735 Ecclesiasticis

377 781 582 866 dogmatibus
595 783 803 846 adversatur:
820 781 866 845 Et
881 803 945 845 nou
960 781 1062 845 solum
1078 782 1110 844 iu
1125 781 1175 845 his
1190 781 1280 846 libris
1294 801 1431 866 quorum

378 913 474 976 supra
489 891 618 955 fecimus
632 892 838 966 mentionem,
854 892 909 954 sed
925 899 959 955 et
973 891 1005 953 in
1021 892 1167 955 omnibus
1182 913 1252 976 quae
1268 892 1308 955 de
1323 891 1430 976 Scrip-

379 1001 460 1065 turis
474 1001 614 1086 exponit,
630 1001 691 1065 hac
704 1000 867 1065 sententia
885 1000 936 1064 uti
951 1000 1042 1077 solet,
1058 1008 1091 1065 et
1105 1000 1139 1063 iu
1159 1000 1208 1064 his
1222 1001 1381 1086 praecipue
1395 1000 1430 1064 in

378 1110 492 1196 quibus
506 1110 612 1195 plures
626 1109 719 1173 unius
737 1108 868 1193 capituli
889 1109 1170 1193 interpretationes
1190 1111 1344 1195 exponit;
1368 1110 1430 1174 hoo

378 1243 534 1298 asserem,
556 1243 591 1285 se
616 1220 744 1305 quidem
767 1242 808 1285 ue
832 1219 906 1304 quid
934 1222 1020 1304 quod
1046 1221 1106 1284 dici
1130 1221 1231 1305 possit
1250 1221 1428 1298 omitteret,

378 1329 470 1413 plura
494 1327 543 1392 vel
566 1328 699 1402 diversa,
726 1335 823 1412 prout
849 1327 967 1390 sentire
990 1327 1104 1411 potuit,
1130 1327 1319 1410 protulisse;
1350 1327 1428 1391 illud
1467 1387 1469 1390 .

376 1446 486 1504 autem
501 1438 617 1501 debere
632 1436 746 1512 teneri,
761 1436 846 1520 quud
861 1435 1075 1519 ’apostolicus
1086 1443 1184 1521 atque
1198 1437 1429 1501 ecclesiasticus

377 1549 478 1615 lector
497 1550 658 1633 probaret.
704 1549 777 1612 Hoc
796 1548 881 1611 idem
901 1547 978 1612 iacit
999 1547 1097 1611 etiam
1115 1569 1186 1611 cum
1207 1548 1429 1612 hereticorum

379 1658 510 1723 discutit
524 1664 647 1722 sectas:
670 1658 783 1742 quibus
798 1657 944 1720 omnibus
959 1657 1132 1721 confutatis
1152 1667 1250 1742 atque
1265 1658 1427 1736 convictis,

378 1790 475 1832 uuam
490 1768 602 1844 solam,
617 1788 749 1852 eamque
763 1789 860 1853 quam
875 1789 972 1851 supra
986 1767 1144 1854 exposuit,
1162 1766 1334 1832 Catholicae
1349 1767 1428 1832 veri-

378 1879 458 1944 tatis
483 1879 674 1943 sententiam
701 1886 800 1942 tenet.
846 1878 896 1942 De
922 1878 1036 1962 quibus
1060 1877 1191 1963 singulis
1217 1878 1355 1962 qualiter
1379 1901 1428 1942 re·

379 1990 542 2075 sponderit
562 1989 730 2066 haereticis,
744 1998 778 2054 et
800 1991 959 2073 quomodo
978 1990 1124 2054 universa
1143 2011 1253 2053 eorum
1276 1989 1428 2075 dogmata

379 2100 555 2175 destruens,
571 2099 638 2182 ipse
656 2120 781 2183 semper
795 2100 1017 2183 Apostolioam
1031 2099 1266 2164 confirmaverit
1280 2102 1384 2178 fidem,
1400 2102 1429 2165 si

378 2209 509 2272 velimus
528 2229 638 2272 omnes
657 2208 833 2273 sententias
848 2209 915 2295 ejus
936 2231 1137 2295 congregare,
1153 2218 1187 2273 et
1206 2210 1335 2294 longum
1349 2209 1429 2274 satis

378 2327 438 2396 est,
454 2319 564 2384 eterit
579 2326 646 2383 tam
664 2318 756 2382 nobis
771 2319 825 2402 qui
845 2319 1010 2383 scribimus
1026 2341 1193 2383 onerosum
1209 2341 1304 2404 quam
1318 2320 1425 2405 legen·

379 2429 466 2492 tibus
493 2429 670 2493 taediosum.
715 2427 778 2492 Sed
808 2427 924 2492 sufficit
949 2451 1052 2512 pauca
1080 2429 1230 2514 proferre,
1256 2429 1428 2514 inquibus

378 2537 518 2604 omnium
533 2538 676 2624 profecto
690 2536 782 2602 facile
799 2536 1025 2623 dignoscentur
1042 2537 1170 2603 iudicia.
1217 2538 1328 2624 Neque
1343 2539 1428 2604 enim

378 2656 489 2713 contra
501 2647 631 2712 Domini
645 2648 837 2713 sententiam
848 2648 1047 2712 sentiendum
1059 2657 1119 2724 est,
1131 2656 1168 2713 ut
1180 2662 1195 2693 ¹¹
1205 2649 1260 2734 qui
1271 2649 1304 2713 iu
1318 2649 1428 2735 paucis

378 2758 537 2824 invenitur
557 2759 665 2837 fidelis,
684 2780 749 2822 nou
771 2759 869 2823 etiam
891 2758 925 2821 in
945 2757 1054 2821 multis
1069 2766 1103 2821 et
1125 2758 1235 2822 heberi
1257 2758 1373 2823 debeat
1393 2766 1428 2825 et

378 2869 464 2933 credi
480 2868 590 2931 tidelis.

421 2979 564 3041 Primum
589 3000 666 3062 ergo
691 2979 824 3061 exejus
849 2977 937 3042 libris
963 3000 1115 3063 ponemus
1137 2981 1316 3064 exemplum
1340 2981 1427 3065 quod

377 3087 423 3150 iiii
448 3086 602 3170 superiori
629 3088 807 3167 conveniat,
834 3109 873 3150 ex
899 3110 937 3151 eo
967 3088 1047 3152 libro
1071 3111 1164 3173 quem
1190 3090 1222 3153 in
1247 3090 1425 3175 Epistulam

378 3196 472 3260 Pauli
493 3195 643 3279 Apostoli
669 3196 711 3259 ad
735 3197 844 3260 Titum
866 3198 993 3282 scripsit
1015 3199 1055 3264 de
1079 3222 1118 3263 eo
1140 3199 1279 3284 capitulo
1305 3202 1338 3264 in
1363 3223 1426 3285 quo

378 3305 454 3368 dicit
476 3305 672 3389 Apostolum
701 3307 914 3370 ⁰Hoeroticum
937 3307 1084 3371 homiaem
1102 3320 1173 3394 post
1194 3332 1288 3373 ccam
1309 3332 1426 3395 correp·

376 3418 485 3480 tionem
504 3416 628 3488 daoito3
651 3417 747 3479 scieas
769 3418 844 3501 quic
860 3438 1021 3502 pervorsus
1035 3430 1087 3495 est,
1102 3430 1130 3483 et
1146 3430 1262 3504 peccat,
1279 3421 1332 3505 qai
1351 3430 1391 3484 cst
1405 3442 1426 3484 a

374 3526 527 3608 semetipso
540 3525 711 3590 damnatus.
759 3528 810 3590 De
826 3548 889 3612 quo
905 3527 983 3592 dicit
998 3530 1100 3614 qualis
1114 3530 1157 3595 sit
1171 3530 1225 3616 qui
1245 3531 1424 3609 haereticus,

375 3641 410 3698 et
425 3634 527 3718 qualis
542 3636 585 3700 sit
600 3636 653 3720 qui
669 3636 852 3701 catholicus
867 3644 916 3701 est
931 3647 964 3703 et
981 3638 1231 3704 Ecclesiasticus.

419 3744 585 3809 Omoemus.
620 3746 815 3826 (Comment-
836 3748 867 3810 in
889 3747 992 3831 Epist.
1008 3748 1050 3811 ad
1073 3748 1207 3828 Titum.)
1234 3750 1352 3813 Nomen
1366 3750 1425 3814 lae-

375 3854 678 3931 rcsis,——mieceri.
723 3860 770 3921 Et
798 3865 873 3941 post
902 3860 979 3937 haec,
1011 3860 1120 3944 paucis
1150 3860 1339 3945 quibusdem
1368 3882 1426 3945 per

375 3963 513 4025 medium
539 3963 676 4042 insertis,
703 3965 829 4049 adjecit.
877 3967 962 4045 Quid
984 3991 1052 4033 cero
1077 3970 1335 4053 eit-—poritaa
1380 3969 1425 4034 Et

374 4079 448 4158 post
463 4092 566 4155 pauca
579 4072 704 4137 addidit
719 4072 796 4137 haeo.
843 4076 1219 4160 Requisieroat——sicut
1234 4077 1294 4143 iili.

535 4253 552 4281 n
566 4240 626 4291 Luc.
638 4246 688 4290 xri.
703 4256 740 4292 ιο.
1031 4258 1045 4286 0
1058 4246 1107 4295 'ria
1118 4246 1152 4297 iii.
1171 4264 1208 4311 ιο,
1224 4264 1259 4297 ιι.

664 4349 678 4378 ’
690 4348 765 4411 (Vide
776 4350 838 4412 quod
852 4350 923 4411 paulo
934 4360 987 4413 post
998 4352 1128 4416 sequitur.)
