3242 5150
363 416 428 476 tw
595 413 627 473 S.
649 410 895 473 PAMPHILI
921 411 1181 474 MARTYRIS

362 604 401 648 eo
416 581 470 667 qui
485 582 525 646 de
541 579 678 665 Origene
697 601 760 644 non
781 579 902 664 aliquid
924 579 1006 645 male
1021 579 1166 644 senserit.
1212 579 1258 644 Et
1272 571 1418 664 quamuis

362 706 428 748 non
442 705 546 747 meam
560 683 601 747 de
615 704 653 747 eo
673 682 876 755 sententiam,
893 681 949 746 sed
972 681 1073 746 sancti
1093 681 1244 766 martyris
1261 682 1417 766 Pamphili

364 784 545 849 sciscitatus
564 785 618 860 sis,
635 791 668 848 et
683 784 799 846 librum
815 784 891 868 ejus,
909 805 1002 868 quem
1022 805 1081 869 pro
1097 784 1235 869 Origene
1254 784 1287 847 in
1302 785 1418 848 Graeco

364 887 526 972 scripsisse
548 885 698 960 traditur,
714 887 882 951 transferri
904 886 963 951 tibi
986 886 1166 972 poposceris
1188 887 1221 949 in
1245 885 1414 951 Latinum:

363 997 472 1055 tamen
493 1009 557 1051 non
571 987 685 1051 dubito
701 987 826 1052 futuros
849 988 1014 1073 quosdam,
1031 988 1085 1072 qui
1105 995 1139 1052 et
1160 987 1194 1051 in
1208 1010 1247 1051 eo
1268 988 1360 1051 lassos
1381 1009 1418 1050 se

363 1097 489 1176 putent,
505 1091 605 1154 sinos
619 1089 737 1174 aliquid
753 1111 811 1174 pro
827 1111 865 1153 eo
880 1090 928 1154 vel
944 1089 1047 1153 alieno
1063 1111 1207 1154 sermone
1222 1089 1374 1153 dicamus.

407 1194 494 1274 Quos
520 1198 629 1257 tamen
653 1197 687 1255 et
714 1190 800 1273 ipsos
827 1192 1034 1276 deprecamur
1059 1192 1137 1255 nihil
1167 1198 1341 1276 praesumto
1367 1191 1419 1255 vel

363 1295 573 1382 praejudicato
594 1297 701 1358 animo
722 1315 837 1377 agere:
861 1295 917 1357 sed
942 1294 1092 1378 quoniam
1114 1295 1155 1357 ad
1175 1293 1330 1379 judicium
1353 1292 1419 1356 Dei

364 1398 490 1464 venturi
516 1418 633 1474 sumus,
660 1418 724 1459 non
753 1395 914 1480 refugiant
938 1395 1019 1460 scire
1046 1396 1130 1480 quod
1156 1417 1266 1460 verum
1291 1401 1349 1470 est,
1376 1415 1419 1457 ne

363 1501 448 1564 forte
469 1499 654 1584 ignorantes
677 1497 884 1583 delinquant:
907 1498 963 1561 sed
983 1497 1222 1560 considerantes
1238 1496 1311 1580 quia
1329 1494 1420 1559 falsis

364 1600 636 1666 criminationibus
651 1607 818 1684 percutere
832 1599 968 1663 fratrum
984 1597 1180 1662 infirmorum
1196 1598 1419 1674 conscientias,

365 1706 399 1768 iu
413 1702 580 1768 Christum
601 1723 733 1786 paccare
747 1708 817 1771 est;
840 1701 912 1765 ideo
932 1722 996 1764 non
1016 1701 1258 1764 accommodent
1272 1700 1419 1764 crimina-

365 1806 489 1871 toribus
510 1825 620 1868 aurem
644 1825 744 1876 suam,
768 1825 827 1867 nee
849 1803 890 1868 ab
913 1803 976 1866 alio
1003 1803 1128 1867 discant
1151 1802 1283 1866 alterius
1309 1802 1417 1878 fidem,

365 1906 503 1971 maxime
518 1927 589 1969 cum
604 1926 711 1968 coram
731 1905 868 1990 experiri
883 1905 927 1969 sit
941 1905 1044 1990 eopia,
1059 1912 1093 1969 et
1107 1905 1171 1969 oris
1192 1905 1241 1968 sui
1262 1905 1419 1969 confessio

366 2008 443 2092 quid
463 2007 512 2070 vel
534 2006 670 2090 qualiter
691 2008 905 2092 unusquisque
927 2008 1040 2084 credit,
1057 2008 1216 2072 ostendat.
1262 2007 1314 2072 sic
1333 2007 1419 2070 enim

365 2109 517 2193 scriptum
539 2115 598 2184 est,
622 2108 697 2192 qnia
718 2108 829 2172 acorde
850 2110 986 2173 creditur
1007 2110 1051 2172 cd
1064 2109 1235 2192 justitiam,
1250 2131 1299 2172 ors
1319 2119 1418 2172 autem

367 2211 508 2294 masereth
525 2212 568 2293 fit
589 2210 634 2273 ad
652 2210 799 2274 salectam:
830 2220 873 2285 et,
901 2211 961 2275 box
985 2211 1088 2275 verbis
1114 2213 1179 2275 suis
1204 2211 1419 2296 unusquisque

363 2312 601 2400 justificabitur,
622 2321 656 2377 et
678 2335 718 2376 ex
740 2312 844 2376 verbis
865 2313 930 2377 suis
953 2313 1224 2377 condemnabitur.
1270 2312 1420 2382 Qualiter

367 2437 444 2501 crgo
458 2417 612 2502 Origenes
626 2417 666 2481 de
681 2415 811 2502 singulis
827 2415 973 2500 capitulis
990 2424 1172 2481 sanctarum
1189 2416 1419 2501 scripturarum

367 2519 513 2597 senserit,
530 2527 622 2584 tenor
643 2516 739 2583 libelli
761 2518 857 2601 hujus
880 2519 1022 2583 edoceat.
1068 2520 1120 2583 De
1141 2519 1192 2583 his
1213 2527 1330 2596 autem,
1347 2539 1419 2603 quae

368 2624 454 2710 apud
470 2645 541 2688 eum
556 2622 717 2687 contraria
732 2620 791 2685 sibi
812 2620 1023 2695 inveniuntur,
1040 2622 1116 2705 quid
1132 2644 1235 2686 causae
1256 2621 1310 2697 sit,
1325 2621 1357 2684 in
1372 2620 1418 2683 ul-

369 2726 449 2791 timo
471 2724 557 2789 brevi
579 2724 759 2809 adjectione
780 2722 974 2786 docebimus.
1020 2724 1089 2787 Nos
1111 2731 1228 2801 autem,
1252 2723 1334 2787 sicut
1354 2729 1420 2786 tra·

368 2828 470 2892 ditum
482 2836 532 2892 ast
547 2827 638 2891 nobis
652 2849 673 2891 a
688 2826 806 2890 sanctis
822 2824 976 2910 patribus,
986 2824 1034 2888 ita
1045 2831 1198 2901 tenemus,
1212 2825 1295 2910 quod
1308 2832 1420 2889 sancta

370 2931 511 2994 Trinitas
533 2937 692 2993 coaeterna
707 2928 759 3002 sit,
779 2935 813 2992 et
834 2928 926 2991 unius
948 2934 1080 3003 naturae,
1104 2928 1258 3012 uniusque
1280 2926 1420 3003 virtutis,

369 3038 467 3115 atque
489 3030 698 3102 substantiae;
723 3036 757 3093 et
772 3030 858 3113 quod
882 3028 982 3091 Filius
1005 3028 1067 3092 Dei
1093 3030 1125 3093 in
1148 3030 1317 3094 novissimo
1337 3038 1417 3093 tern-

370 3154 447 3217 pore
461 3133 557 3195 homo
572 3132 676 3195 factus
690 3139 749 3203 est,
767 3139 800 3194 et
816 3153 874 3215 pro
889 3132 1027 3215 peccatis
1046 3133 1164 3196 nostris
1183 3154 1295 3217 passus
1310 3138 1371 3207 est,
1386 3138 1420 3195 et

370 3234 403 3296 in
425 3255 464 3298 ea
485 3233 556 3317 ipsa
577 3254 681 3309 carne,
697 3233 730 3295 in
753 3253 817 3315 qua
839 3254 950 3315 passus
972 3241 1031 3311 est,
1048 3234 1220 3299 resurrexit
1234 3256 1255 3297 a
1274 3232 1420 3309 mortuis,

370 3347 502 3424 propter
517 3338 602 3423 quod
617 3344 651 3401 et
665 3336 906 3401 resurrectionis
920 3359 1008 3421 spem
1024 3338 1163 3401 humano
1173 3336 1280 3421 generi
1296 3335 1418 3399 tribuit.

371 3440 486 3505 Carnis
499 3461 573 3503 vero
584 3439 846 3504 resurrectionem
859 3461 922 3502 non
933 3462 990 3523 per
1001 3439 1124 3525 aliquas
1136 3439 1323 3523 praestigias‚
1338 3438 1420 3501 sicut

372 3542 511 3606 nonnulli
528 3542 772 3619 caluumiantur,
783 3542 933 3606 dicimus:
952 3543 1007 3605 red
1023 3542 1105 3605 hanc
1120 3542 1221 3625 ipsam
1236 3561 1373 3615 carnem,
1386 3539 1419 3600 in

372 3666 435 3728 qua
449 3667 531 3708 nunc
546 3629 689 3722 vivimus‘,
705 3652 954 3709 resurrecturam
969 3644 1144 3717 credimus;
1173 3664 1235 3705 non
1251 3640 1346 3705 aliam
1361 3662 1420 3723 pro

370 3745 444 3820 alia,
467 3768 524 3809 nec
546 3768 661 3829 corpus
682 3746 780 3822 aliud,
800 3768 895 3831 quam
917 3745 1012 3829 hujus
1034 3745 1138 3808 carnis
1160 3744 1302 3807 dicimus.
1348 3742 1420 3805 Sive

371 3869 448 3931 ergo
468 3869 582 3931 corpus
602 3857 852 3913 resurrecturum
873 3848 1015 3925 dicimus,
1037 3848 1208 3912 secundum
1230 3846 1420 3931 Apostolum

372 3949 524 4020 dicimus;
548 3949 607 4011 hoc
622 3950 705 4013 enirn
721 3950 847 4012 nomine
865 3971 940 4012 usus
961 3955 1010 4013 est
1030 3948 1099 4012 ille:
1124 3948 1188 4011 sive
1203 3967 1330 4009 carnem
1345 3942 1420 4005 dici-

372 4073 454 4124 mus,
483 4050 655 4114 secundum
684 4051 889 4114 traditionem
915 4052 1047 4135 symboli
1071 4051 1266 4127 confitemur.
1314 4046 1422 4111 Stulta

372 4152 455 4217 enim
478 4151 660 4215 adinventio
675 4152 839 4216 calumniae
863 4160 922 4228 est,
938 4174 1052 4238 corpus
1066 4153 1239 4217 humanum
1263 4151 1348 4215 aliud
1365 4172 1420 4232 pu·

553 4390 566 4417 ²
579 4380 649 4427 Rom.
662 4396 685 4426 x.
703 4394 738 4426 ro.
1036 4380 1132 4429 bltfutt.
1146 4381 1187 4427 xii.
1202 4394 1239 4441 37.
