3242 5150
345 403 377 465 S.
400 400 621 477 DIONYSII
645 401 793 466 ALEX.
816 401 880 464 DE
904 403 1122 466 NATURA.
1195 404 1261 472 395

213 578 343 672 γεσθαι
370 572 429 653 διὰ
456 570 522 673 τὴν
546 572 680 653 ἄλυτον
702 572 937 677 στερῤότητα.
972 579 1006 652 οἱ
1029 572 1077 671 δὲ,
1095 573 1161 659 τὰς
1179 573 1261 654 ἀτό-

211 741 300 805 μους
318 705 635 805 μετονομάσαντες,
654 711 767 810 ἀμερῆ
785 711 902 812 φασὶν
918 705 1005 786 εἶναι
1018 706 1183 808 σώματα,
1197 717 1261 790 τοῦ

212 842 347 927 παντὸς
371 842 470 946 με’ρη,
489 843 532 950 ἐξ
553 840 605 922 ὧν
627 842 835 947 ἀδιαιρέτων
854 842 967 926 ὄντων
985 846 1189 926 συντίθεται
1215 843 1261 926 τὰ

212 973 341 1071 πάντα,
374 979 432 1054 καὶ
461 981 509 1059 εἰς
535 973 560 1054 ἃ
586 976 777 1058 διαλύεται.
809 979 869 1056 καὶ
900 978 1036 1060 τούτων
1063 982 1158 1086 φασὶ
1187 985 1261 1059 τῶν

185 1111 354 1210 ςάμερῶν
372 1110 630 1210 ὀνοματοποιὸν
653 1109 839 1214 Διόδωρον
861 1114 1054 1214 γεγονεναι·
1081 1114 1194 1211 ὄνομα
1213 1112 1261 1209 δὲ,

213 1247 340 1348 φασὶν,
368 1244 486 1328 αὐτοῖς
513 1244 612 1322 ἄλλο
637 1245 878 1348 Ἡρακλείδης
905 1246 1058 1344 θέμενος,
1089 1244 1261 1326 ἐκάλεσεν

213 1377 351 1478 ὄγκους,
369 1380 452 1480 παρ’
474 1378 516 1456 οὗ
541 1382 599 1457 καὶ
623 1379 898 1478 Ἀσκληπιάδης
921 1381 942 1460 ὁ
966 1378 1087 1481 ἰατρὸς
1108 1383 1259 1486 ἐκληρο-

214 1512 350 1611 νόμησε
368 1511 410 1592 τὸ
429 1511 552 1610 ὄνομα.

257 1645 346 1712 Ταῦτ’
359 1645 459 1721 εἱπδν,
476 1647 542 1726 ἑξῆς
552 1648 749 1725 ἀναστενάζει
761 1653 874 1734 (inquit
884 1657 1030 1716 Eusebius
1045 1659 1138 1733 Proep.
1151 1659 1260 1734 Evaug.

170 1784 204 1820 ιο
216 1757 264 1815 lib.
279 1758 339 1814 xiv.
355 1777 417 1836 esp.
433 1760 494 1832 23.)
510 1748 544 1811 τδ
560 1750 657 1829 δόγμα
671 1752 720 1812 διδ
732 1756 866 1823 πολλῶν,
882 1751 956 1832 ἀτὰρ
972 1753 1019 1815 καὶ
1034 1756 1081 1816 διὰ
1096 1756 1216 1818 τούτων.

716 1920 764 1982 ΙΙ.

271 2038 357 2116 Πῶς
382 2033 499 2110 αὐτῶν
523 2030 775 2134 ἀνασχῶμεθα,
800 2032 938 2136 τυχηρὰ
966 2032 1148 2137 λεγόντων
1175 2034 1263 2117 εἶναι

212 2165 466 2265 συμπτώματα
480 2163 526 2242 τὰ
539 2162 645 2269 σοφοὶ
658 2166 716 2243 καὶ
734 2164 794 2244 διὰ
806 2177 911 2246 τοῦτο
925 2166 973 2248 τὰ
991 2170 1086 2250 καλὰ
1100 2177 1263 2275 δημιουρ-

213 2298 382 2400 γήματος
416 2295 466 2376 ὧν
493 2295 648 2378 ἕκαστόν
674 2333 712 2378 τε
739 2302 799 2378 καὶ
826 2303 903 2381 καθ’
930 2301 1034 2384 ἑαυτδ
1062 2306 1262 2407 γενόμενον,

214 2433 320 2541 ὤφθη
348 2441 399 2541 τῷ
428 2430 678 2540 προστάξαντι
702 2433 870 2533 γενέσθαι
895 2437 1018 2533 καλὸν,
1037 2442 1094 2518 καὶ
1121 2441 1262 2542 συλλή-

173 2593 204 2651 ¹5
214 2575 307 2669 βδην
325 2569 455 2667 ὁμοίως
473 2564 624 2651 ἅπαντα
663 2570 763 2648 ’Kal
781 2566 850 2650 εἶδε
868 2568 949 2673 γάρ,
970 2576 1096 2677 φησὶν,
1116 2575 1136 2653 ὃ
1160 2573 1263 2673 Θεὸς,

215 2702 261 2783 τὰ
283 2703 402 2785 πάντα
427 2703 501 2783 ὅσα
526 2704 684 2801 ἐποίησε,
704 2708 762 2782 καὶ
790 2703 866 2785 ἰδοὺ
894 2702 989 2785 καλὰ
1011 2707 1107 2785 λίαν.
1152 2710 1259 2787 Ἀλλ’

216 2835 295 2917 οὐδὲ
313 2836 386 2917 ἀπὸ
410 2843 482 2915 τῶν
507 2843 643 2939 μικρῶν
666 2843 739 2915 τῶν
763 2843 931 2939 συνηθῶν
949 2842 1009 2918 καὶ
1030 2838 1129 2941 παρὰ
1149 2839 1262 2929 πόδας

216 3012 311 3058 terum
323 2997 488 3057 individuas
501 2997 566 3055 illus
574 3008 605 3056 et
615 2997 673 3056 diei
684 3008 714 3057 et
801 2997 870 3051 Haec
888 2996 1014 3067 praefems
1032 2998 1124 3053 multis
1140 2998 1263 3071 deinceps

215 3100 287 3145 esse,
317 3088 416 3157 reptet
426 3077 656 3137 indissolubilem
665 3098 713 3136 eu·
763 3066 816 3121 ¹¹⁰⁰
829 3066 927 3149 (Ῑῠεῐῐξθ
939 3066 1067 3133 ωὓῆῑῑὸῒι
1079 3068 1200 3141 interque
1212 3088 1263 3125 θῶ·

169 3184 206 3223 20
214 3181 279 3219 rum
295 3099 471 3225 drmitutem,
483 3169 606 3235 uterque
617 3158 711 3217 docet.
764 3145 829 3201 κη’
841 3136 928 3191 verbm
940 3154 1000 3209 (1¹¹ae
1012 3146 1170 3209 ”iuml

215 3240 293 3299 Sunt
304 3249 412 3303 temen,
423 3239 474 3313 qui
485 3248 647 3295 atomorum
659 3258 713 3297 no·

214 3321 292 3378 mine
304 3320 444 3393 [mutato]
452 3338 572 3395 eorpors
580 3317 712 3395 quedem
991 3290 1033 3348 Π·

214 3398 393 3477 intelligunt,
419 3417 484 3475 que
508 3399 640 3475 partibus
665 3418 713 3456 ee·
805 3394 866 3467 Qui
894 3395 1012 3454 tandem
1036 3396 1167 3457 homines
1191 3398 1263 3457 istos

214 3490 298 3539 redut
316 3478 379 3556 ipsu
397 3477 524 3555 quidem,
539 3478 598 3536 siut
615 3489 712 3537 tamen
764 3475 900 3541 feramus,
918 3475 987 3533 dum
1007 3495 1095 3552 opera
1114 3478 1263 3555 sapientise

168 3582 203 3641 ²5
215 3558 343 3619 universi
362 3568 468 3638 partes,
483 3578 520 3617 ex
534 3558 649 3634 quibus,
667 3558 712 3615 in·
764 3554 859 3633 plene.
881 3574 974 3631 eoque
998 3555 1061 3633 ipso
1086 3556 1169 3621 boue,
1195 3576 1262 3616 casu

215 3639 341 3699 dividuae
352 3659 417 3698 cum
432 3638 501 3704 siut,
516 3636 640 3696 conflate
653 3638 713 3717 pri.
764 3636 841 3693 faeta
855 3654 917 3693 esse
931 3634 1054 3693 dicunt?
1077 3655 1141 3711 quae
1156 3648 1186 3695 et
1202 3637 1263 3695 sin·

214 3740 294 3778 mum
309 3719 416 3783 omnia,
426 3719 457 3775 in
469 3718 583 3776 easdem
598 3736 714 3796 quoque
764 3713 833 3792 gula
848 3714 975 3778 seorsim.
991 3725 1021 3773 et
1040 3714 1127 3773 simul
1145 3717 1261 3775 univer-

214 3799 419 3858 dissolvsntur.
471 3798 595 3863 Harum,
625 3807 714 3876 prout
764 3815 804 3860 sa.
821 3794 848 3853 ei
870 3794 954 3871 cujus
973 3793 1070 3853 omnis
1086 3794 1171 3871 jussu
1186 3798 1262 3855 exti.

215 3880 465 3959 pertimuissent,
476 3877 602 3935 nominis
612 3889 711 3935 sucto-
764 3884 871 3940 terunt,
891 3875 966 3933 bone
988 3874 1046 3933 sint
1069 3877 1138 3933 vise.
1185 3877 1263 3935 Vidit

165 3980 274 4041 30,rem
297 3959 410 4017 fuciunt
432 3958 616 4017 Diodorum:
652 3956 713 4015 Eas
764 3954 848 4020 enim,
864 3954 969 4031 inquit,
986 3954 1067 4013 Deus
1083 3963 1185 4015 duricia
1203 3978 1263 4037 (μισ

213 4039 290 4098 euim
305 4038 473 4113 &essehoc
487 4048 531 4096 est
545 4036 645 4103 moles,
660 4056 712 4096 seu
754 4036 893 4111 sederat:
931 4042 956 4093 el
981 4055 1044 4094 ecce
1067 4036 1140 4095 bona
1168 4038 1261 4095 ualde.

213 4119 341 4197 pondere
374 4117 545 4178 Heraclides
580 4118 710 4182 vocabat,
762 4115 937 4193 Quanquam
959 4135 997 4175 ne
1040 4114 1125 4174 usilla
1144 4115 1261 4193 quidem

208 4196 290 4258 'unde
309 4199 397 4257 etiam
412 4197 602 4276 Asclepiades
620 4196 711 4256 medi·
763 4196 814 4254 ille
830 4196 959 4275 cogitant
980 4136 1141 4273 vulgarium
1163 4214 1261 4253 exem.

213 4300 263 4339 cus
274 4299 380 4337 nomeu
392 4279 513 4336 invenit.
763 4275 812 4355 ple
822 4294 1066 4353 rerum,quorum
1082 4275 1137 4352 ipsi
1149 4273 1262 4333 monitu

162 4390 201 4447 35
651 4372 819 4436 mun-,ign

696 4470 785 4537 3e2
