3242 5150
385 415 448 476 118
681 407 929 483 RELIQUIAE
956 406 1133 468 SACRAE.

777 581 959 657 ΚΑΝΩΝ
989 583 1033 655 Ε.

431 723 547 803 Ὅσοι
566 723 603 802 δέ
622 726 780 820 ἀνῆλθον
797 720 888 818 μετά
906 723 1058 817 ἐσθῆτος
1070 725 1246 817 πενθικῆς,
1261 724 1319 799 καὶ
1337 724 1430 800 ἀνα-

380 859 552 940 πεσόντες
585 857 732 962 ἔφαγον,
763 852 899 960 μεταξὺ
932 855 973 932 δι’
1004 853 1093 952 ὅλης
1119 858 1183 952 τῆς
1209 857 1434 940 ἀνακλίσεως

382 991 601 1095 δακρύοντες,
616 998 644 1070 εί
659 989 877 1091 ἐπλήρωσαν
891 988 953 1066 τὸν
971 992 1035 1086 τῆς
1054 988 1294 1071 ι’πιυιποόσεως
1313 996 1433 1091 τριετῆ

381 1126 512 1232 χρόνον
525 1129 634 1230 χωρὶς
643 1131 860 1228 προσφορᾶς
870 1121 1113 1227 δεχθῆτωσαν.
1133 1131 1163 1202 εὶ
1176 1123 1213 1202 δέ
1223 1122 1463 1228 μῆέφαγον,5

382 1259 444 1340 δύο
460 1258 700 1342 ὑποπεσόντες
713 1259 784 1356 ἐτη,
800 1265 852 1364 τῷ
866 1259 973 1364 τρίτιρ
984 1257 1309 1355 κοινωνησάτωσαν
1322 1262 1433 1360 χωρὶς

380 1401 606 1500 προσφορᾶς,
621 1395 677 1472 ἵνα
691 1393 733 1472 τὸ
747 1392 941 1496 τέλειοντῆ
959 1394 1091 1497 τριετίᾳ
1109 1390 1265 1486 λάβωσι·
1292 1389 1374 1477 τοὺς
1391 1391 1434 1471 δέ

381 1527 597 1611 ἐπισκόπους
615 1528 783 1633 ἐξουσίαν
798 1527 889 1629 ἔχειν
903 1524 966 1604 τὸν
979 1525 1113 1626 τρόπον
1126 1530 1189 1623 τῆς
1207 1527 1433 1629 ἐπιστροφῆς

383 1662 648 1760 δοκιμάσαντας
667 1661 1038 1767 φιλανθρωπεύεσθαι,
1060 1655 1083 1759 ῆ
1099 1659 1248 1738 πλείονα
1271 1693 1428 1760 προστι-

382 1797 480 1876 θέναι
498 1795 637 1900 χρόνον.
666 1793 737 1896 πρὸ
755 1792 901 1873 πόντων
919 1793 956 1872 δέ
974 1794 1032 1871 καὶ
1051 1791 1255 1894 όπροάγων
1267 1794 1357 1889 βίος,
1371 1797 1432 1873 καὶ
1446 1837 1486 1876 ιο

382 1933 401 2007 ὁ
421 1929 510 2026 μετά
528 1937 651 2024 ταῦτα,
671 1926 899 2032 ἐξεταζείτθω,
918 1929 977 2005 καὶ
998 1928 1109 2010 οὕτως
1132 1927 1154 2025 ἡ
1177 1929 1434 2030 φιλανθρωπία

381 2061 648 2164 ἐπιμετρείσθω.

778 2259 961 2336 ΚΑΝΩΝ
989 2256 1036 2352 ς’.

439 2393 528 2493 Περὶ
556 2396 628 2470 τῶν
655 2394 786 2495 ἀπειλῇ
809 2391 920 2486 μόνον
949 2390 1120 2496 εἰξάντων
1150 2389 1344 2487 κολάσεως,
1369 2394 1431 2469 καὶ

381 2526 604 2632 ἀφαιρέσεως
631 2526 863 2631 ὑπαρχόντων
890 2526 913 2623 ἦ
937 2528 1122 2623 μετοικίας,
1146 2529 1205 2605 καὶ
1229 2523 1430 2622 θυσάυτων,
1446 2568 1456 2607 ι
1463 2565 1482 2625 5

381 2666 439 2741 καὶ
450 2664 554 2766 με’χρι
565 2666 628 2742 τοῦ
641 2661 819 2765 παρόντος
830 2671 952 2764 καιροῦ
964 2660 1015 2761 μῆ
1026 2661 1333 2759 μετανοησάντων,
1340 2659 1430 2758 μηδὲ

380 2797 689 2900 ἐπιστρεψάντων,
711 2806 773 2875 νῦν
797 2798 835 2876 δέ
852 2796 950 2899 παρά
970 2796 1033 2875 τὸν
1052 2795 1173 2897 καιρὸν
1192 2800 1255 2891 τῆς
1274 2794 1431 2874 συνόδου

381 2928 671 3030 προσελθόντων,
690 2933 748 3008 καὶ
767 2936 814 3012 είς
832 2929 988 3010 διάνοιαν
1009 2934 1072 3027 τῆς
1087 2931 1310 3034 ἐπιστροφῆς
1323 2961 1430 3030 ’γενο-

932 3165 999 3220 erga
1031 3163 1080 3201 eos
1109 3162 1204 3220 agere,
1230 3141 1275 3199 vel
1303 3140 1428 3218 amplius

524 3204 674 3262 CANON
697 3206 736 3263 V·
932 3237 1047 3302 tempus
1063 3222 1196 3299 adjicere.
1238 3225 1317 3280 Ante
1330 3222 1428 3280 omnis
1440 3250 1481 3289 20

421 3301 577 3379 Quotquot
586 3303 881 3363 sutemeseenderunt
932 3324 1000 3362 vero
1015 3302 1179 3382 praeeedens
1196 3322 1295 3362 eorum
1314 3302 1382 3369 vim,
1396 3312 1427 3360 et

381 3381 490 3461 templo
501 3393 580 3440 veste
590 3381 716 3459 lugubri,
727 3394 756 3441 et
768 3403 879 3443 recum·
932 3384 1073 3463 posterior
1090 3383 1262 3459 inquiretur,
1277 3393 1308 3441 et
1326 3382 1367 3440 ita
1384 3382 1428 3440 eis

382 3462 484 3521 bentes
493 3484 543 3541 per
553 3482 639 3521 omne
649 3473 765 3543 tempus
776 3462 881 3523 flevere
930 3463 1300 3542 impertiaturhumsninss.

381 3541 551 3607 discubitus,
595 3542 618 3599 si
661 3544 880 3622 compleverunt

382 3622 582 3700 poenitentiam
598 3623 715 3680 triennii
731 3624 879 3699 temporis,
1062 3606 1214 3665 CANON
1236 3606 1293 3665 VI·

381 3702 443 3759 sino
485 3702 632 3760 oblatione
675 3705 878 3782 suscipiantur.
972 3704 1018 3760 De
1045 3703 1090 3760 iris
1117 3702 1167 3779 qui
1197 3703 1285 3761 minis
1311 3712 1477 3792 tantum25

382 3781 412 3837 Si
427 3792 523 3840 autem
543 3802 601 3838 non
621 3783 878 3847 manducaverunt,
930 3803 1040 3841 cessere
1068 3802 1229 3861 poennrum,
1255 3794 1307 3840 aut
1331 3782 1427 3862 privo.

381 3860 499 3918 biennio
534 3862 655 3937 subjecti
690 3862 878 3941 penitentie,
930 3862 1010 3920 tione
1037 3862 1209 3919 facultatum
1241 3862 1347 3931 territi,
1375 3873 1427 3921 sut

381 3940 469 3997 tertio
483 3960 560 3998 anno
571 3942 632 3999 sine
644 3942 790 4001 oblatione
801 3962 878 3999 com·
930 3942 1149 4019 demigratione,
1172 3942 1405 4001 sacrificaverunt
1416 3964 1426 4011 ς

382 4018 542 4085 municent,
589 4032 623 4077 ut
670 4022 878 4099 perfectionem
929 4034 960 4079 et
976 4022 1116 4079 haetenus
1130 4022 1321 4099 poenitudinis
1335 4019 1427 4098 negli-

380 4096 571 4173 quadriennio
579 4113 802 4175 consequantur.
821 4100 877 4158 Pe·
927 4112 1037 4179 gentes,
1064 4121 1158 4177 neque
1183 4101 1322 4165 conversi,
1349 4119 1427 4157 nunc
1437 4130 1479 4187 30

381 4196 432 4234 nes
453 4188 549 4234 nutem
570 4179 719 4256 episcopos
736 4182 792 4239 erit
813 4192 877 4255 pot·
928 4181 1015 4256 hujus
1041 4181 1154 4238 concilii
1179 4193 1310 4259 tempore
1335 4190 1426 4238 semet

380 4265 456 4313 estas
498 4256 616 4314 modum
652 4260 878 4317 conversationis
927 4261 1107 4326 obtulerunt,
1138 4260 1335 4318 conversionis
1367 4278 1426 4317 suae

380 4354 479 4392 eorum
493 4338 654 4414 probantes.
667 4337 711 4395 vel
722 4338 877 4397 humanius
928 4340 1209 4419 consilieeopientes:
1220 4339 1427 4419 placuitusque
