3242 5150
640 411 671 472 S.
690 409 911 472 PHILEAs
1258 413 1299 481 91

248 613 357 660 τακτο
375 581 545 684 αἱρέσεως
572 581 729 680 κειμένης
757 579 779 682 ἢ
802 580 1039 690 ἐφαψάμενον
1067 590 1130 683 τῆς
1156 587 1303 682 ἐναγοῦς

249 719 378 800 θυσίας
388 716 629 820 ἀνενόχλτγτον
640 713 737 813 εἶναι,
744 716 808 816 τῆς
819 715 996 818 ἔταράτου
1007 719 1206 821 ἐλευθερίας
1217 721 1300 822 παρ’

248 853 366 931 αὐτῶν
382 849 549 955 τυχόντα·
582 849 674 951 ἢμὴ
700 850 842 949 θύοντα,
860 850 926 951 τὴν
954 854 1011 933 ἐπὶ
1035 852 1177 961 θανάτῳ
1202 855 1303 952 δίκην
1416 893 1420 904 ·

248 987 464 1090 ἐκδεᾷεσθαι·
502 985 603 1066 οὐδὲν
620 985 880 1086 μελλήσαυτες,
894 988 1058 1084 ἀσμένως
1075 990 1133 1068 ἐπὶ
1151 988 1214 1068 τὸν
1233 986 1298 1069 θά-

222 1147 356 1205 5νατον
374 1121 542 1225 ἐχώρουν.
565 1118 702 1225 ᾔδεσαν
720 1119 791 1223 γὰρ
804 1119 852 1199 τὰ
865 1118 933 1200 ὑπὸ
947 1127 1020 1201 τῶν
1032 1127 1136 1224 ἱερῶν
1149 1128 1304 1228 γραφῶν

248 1258 331 1356 ἡμῖν
340 1258 614 1360 προορισθεντα.
630 1255 671 1334 ‘¹6
682 1253 754 1358 γὰρ
765 1252 944 1357 θυσιάζων
955 1258 1050 1362 φησὶ
1061 1262 1151 1339 θεοῖς
1162 1258 1301 1360 ἑτέροις,

248 1389 600 1497 ἐξολοθρευθὴσεται·
644 1391 722 1468 ’καὶ
760 1389 815 1469 ὅτι
852 1391 916 1468 οὐκ
953 1390 1101 1469 ἔσονταί
1132 1420 1195 1469 σοι
1228 1395 1302 1471 θεοὶ

249 1526 359 1628 ἕτεροι
375 1524 475 1623 πλὴν
494 1527 588 1624 ἐμοῦ.
651 1541 724 1598 Haee
738 1539 840 1598 attulit
856 1539 1002 1599 Eusebius
1023 1541 1053 1598 in
1076 1540 1125 1599 lit.
1141 1540 1202 1599 viii.
1220 1540 1301 1599 Hisr.

249 1681 311 1741 esp.
331 1662 376 1719 10.

203 1807 334 1865 rotrctis
361 1807 480 1866 nefariis
501 1807 648 1868 sacrificiis
669 1808 747 1867 omni
805 1817 954 1868 rexerunt
996 1808 1116 1887 Quippe
1140 1807 1230 1886 probe
1250 1829 1303 1866 no·

248 1887 381 1946 molestia
394 1887 521 1955 liberari,
533 1901 564 1949 et
579 1891 748 1949 abominnn-
807 1901 873 1948 rnnt
886 1909 952 1966 quse
965 1888 994 1946 in
1009 1889 1096 1947 saeris
1110 1889 1203 1948 literis
1218 1890 1304 1948 nobis

248 1967 292 2026 dm
306 1967 497 2028 absolutionis
506 1971 690 2050 ‚sententiam
712 1971 748 2029 ab
808 1969 976 2050 prescripto
989 1980 1066 2028 sunt.
1091 1970 1151 2040 Qui
1165 1969 1242 2027 enim
1257 1989 1303 2026 ss.

248 2049 318 2186 ifipsis
331 2050 468 2126 consequi
481 2072 489 2118 ;
520 2071 555 2110 on
575 2071 645 2109 vero
662 2051 749 2110 sacri·
804 2050 914 2110 exitiost
926 2049 992 2108 Diis
1006 2048 1117 2119 olienis,
1129 2049 1169 2107 nit
1179 2049 1303 2128 scriptu-

269 2149 334 2188 cnre
367 2130 528 2191 abnuentes
552 2132 647 2210 eapite
670 2131 750 2190 dem·
804 2152 846 2199 ro,
855 2130 1105 2190 exterminabitur.
1128 2130 1171 2188 Et
1179 2129 1302 2188 iterum:

205 2211 330 2284 ¹5nsri:
368 2229 468 2270 omnes
500 2212 573 2270 nihil
607 2213 747 2278 cunctati,
804 2211 876 2270 Non
891 2208 1010 2270 hebebis
1019 2210 1100 2268 Deos
1108 2209 1218 2269 alienos
1229 2230 1302 2289 prn-

248 2291 350 2350 libenti
369 2292 466 2349 animo
480 2291 516 2350 od
535 2303 657 2352 mortem
677 2313 744 2372 per·
802 2303 849 2351 ter
863 2312 918 2350 me.

649 2517 667 2522 --
689 2497 889 2534 *-

357 2648 595 2715 EPIS'l'OLA
626 2648 965 2715 EPISCOPORUM
998 2646 1198 2712 AEGYPTI

530 2812 615 2894 AD
645 2808 1024 2894 MELETIUM.

490 3006 542 3069 Ee
556 3014 649 3069 eorm
663 3004 916 3089 Ιαυρνααῑυυ
930 3001 1057 3066 Latina.

627 3183 914 3219 --..-.

436 3316 594 3373 INITIUM
614 3314 810 3372 EPISTOLAE
830 3308 1114 3370 EPISCOPORUM.

202 3472 240 3511 20
294 3454 483 3530 Hrsronws,
521 3451 723 3529 Poohomins,
759 3450 958 3526 Theodorus,
994 3448 1130 3525 Phileas,
1167 3442 1301 3509 Meletio

248 3564 365 3629 dilecto
400 3572 434 3629 et
470 3561 687 3627 comministro
724 3561 757 3625 in
786 3559 933 3637 Domino,
964 3557 1119 3622 salutem:
1159 3553 1300 3640 Simplici

248 3676 372 3740 ratione
387 3674 509 3739 inserto
523 3672 620 3737 verba
638 3670 847 3742 aestimontes,
870 3690 940 3752 quae
963 3668 1003 3731 de
1018 3673 1052 3731 te
1066 3664 1299 3737 audiebantun

247 3782 436 3870 quibusdem
451 3782 493 3847 sd
508 3803 567 3846 nos
581 3777 847 3867 pervenientibus,
862 3776 1033 3842 nunoistur
1055 3774 1129 3856 (for.
1150 3773 1301 3837 nuncian—

248 3900 317 3978 tur)
340 3895 444 3960 alieno
465 3915 486 3958 o
507 3914 595 3957 more
616 3890 732 3963 divino,
755 3897 789 3953 et
810 3887 922 3973 regulo
943 3884 1166 3960 eeclesiastico,
1189 3904 1261 3968 quae
1280 3904 1302 3946 o

204 4020 237 4077 ²5
249 4013 282 4071 te
303 4014 461 4071 eonsntur
485 4004 559 4089 (vid.
575 4002 701 4085 notam),
724 4001 822 4065 immo
843 3998 945 4084 mogis
966 3997 1058 4070 fiunt,
1079 4017 1150 4080 quoe
1170 4015 1228 4057 nee
1245 4014 1301 4057 ou·

249 4119 336 4183 ribus
369 4118 528 4203 snsoipere
555 4114 713 4188 vellemus,
744 4109 981 4173 considerantes
1014 4104 1048 4168 in
1081 4099 1301 4187 magnitudine

250 4229 415 4295 nudeoiom
430 4236 464 4291 et
479 4232 613 4291 oonetus
627 4224 775 4287 ineertos.
822 4219 885 4284 Sed
907 4217 1056 4303 quonism
1078 4214 1111 4277 in
1129 4206 1300 4297 praesentis

446 4368 461 4405 d
478 4364 555 4412 Exeo.
567 4362 626 4410 xxii.
637 4375 675 4410 οο,
907 4364 921 4394 e
938 4354 1014 4401 Exod.
1026 4366 1067 4399 ιι.
1079 4362 1102 4408 3.

746 4462 766 4500 Ν
784 4458 801 4503 2
