3242 5150
369 409 433 472 110
704 399 1084 468 ANNOTATIONES

369 580 469 654 αὐτοῦ,
485 575 733 657 συνελαμβάνετο
746 577 788 660 τῷ
801 572 919 658 Ἀρείῳ,
936 575 1011 636 κατὰ
1024 578 1077 635 roll
1099 573 1263 636 ἐπισκόπου
1282 579 1419 651 συμφρα-

368 680 492 762 τριόζυα
506 679 595 764 αὐτῷ.
639 677 832 742 sozomenus
846 675 982 760 donique
998 674 1054 738 lib.
1065 675 1087 737 i.
1102 674 1185 737 Hoc.
1200 692 1333 757 cap.15.
1348 671 1419 736 λων

368 780 485 866 posuit.
518 778 615 861 Ἦρξε
630 782 662 843 δὲ
681 781 793 844 τούτων
810 783 871 841 τῶν
889 778 992 859 λόγον
1004 775 1135 857 Ἀρειος,
1151 775 1355 855 πρεσβύτερος
1366 776 1420 851 τῆς

369 883 431 948 κατ’
447 886 598 966 Αἴγυπτον
611 879 850 961 Ἀλεξανδρείας·
874 877 906 945 δς
920 881 953 956 ἐξ
967 877 1061 961 όρχῆς
1079 881 1242 942 σπουδαῖος
1260 874 1338 938 εἶναι
1350 873 1420 954 περὶ

369 985 404 1048 τδ
420 986 516 1065 δόγμα
536 985 632 1062 δόξας,
654 981 854 1062 νεωτερίζοντι
877 983 1012 1064 Μελιτίφ
1031 978 1224 1059 συνέπραττε.
1246 976 1419 1039 καταλιπὸν

369 1089 403 1150 ol
425 1091 540 1160 τοῦτον,
564 1083 774 1168 ἐχειροτονήθη
798 1081 934 1148 διόκανος
953 1085 1035 1163 παρὰ
1058 1081 1177 1162 Πέτρον
1198 1085 1252 1142 τοῦ
1272 1077 1417 1157 Ἀλεξαν·

370 1184 464 1269 δρίαν
478 1189 650 1251 ἐπισκόπου·
676 1185 723 1250 καὶ
744 1184 837 1248 πόλιν
859 1185 897 1247 αὖ
918 1183 985 1265 παρ’
1002 1183 1092 1247 αὑτοῦ
1112 1187 1164 1261 τῆς
1178 1183 1340 1261 ἐκκλησίας
1352 1178 1386 1258 ἐξ
1404 1219 1416 1232 ·

368 1287 482 1367 βλήθη,
493 1289 594 1351 καθότι
608 1287 726 1369 Πέτρου
734 1287 803 1353 τοὺς
814 1289 960 1349 Μελιτίαν
969 1288 1160 1350 σπουδαστὰς
1172 1285 1416 1364 δποκηρύξαντος,

370 1391 419 1454 καὶ
441 1391 480 1454 τδ
500 1390 596 1455 αὐτῶν
617 1388 775 1469 βάπτισμα
793 1389 835 1469 μὴ
852 1385 1062 1468 προσιεμένου,
1081 1393 1144 1454 τοῖς
1159 1384 1329 1467 γινομένοις
1349 1384 1419 1450 lel-

369 1517 491 1573 ακτγττε,
508 1493 556 1556 καδ
577 1493 699 1573 ἠρεμεῖν
716 1493 769 1556 οὐκ
791 1492 937 1574 ἠνείχετο.
959 1489 1025 1553 ἐπεὶ
1039 1491 1073 1553 δὲ
1095 1487 1211 1569 Πέτρος
1223 1487 1418 1571 ἐμαρτύρησε,

369 1597 530 1678 συνγνώμην
543 1592 669 1674 αἰτήσας
681 1592 844 1677 Ἀχιλλᾶν,
862 1595 918 1656 &c
964 1591 1010 1656 Et
1028 1591 1176 1677 deinceps
1194 1591 1227 1654 iu
1246 1593 1346 1676 ejusd.
1362 1592 1418 1656 lib.

368 1698 451 1762 Hier.
468 1719 535 1761 suae
549 1719 577 1760 o.
592 1715 642 1776 24.
658 1696 700 1759 de
719 1694 851 1759 Meletio
870 1694 939 1758 haeo
958 1693 1057 1758 habet
1072 1694 1273 1758 Sozomeuus.
1298 1694 1419 1777 Ἐφόνη

370 1802 403 1864 δὲ
424 1804 510 1862 τοῦτο
531 1800 567 1878 τῇ
589 1799 705 1882 συνόδῳ
721 1797 858 1881 (synodo
875 1796 1027 1875 Nicecuae)
1045 1798 1168 1873 δίκαιον,
1186 1796 1364 1884 λογιζαρένῃ
1383 1798 1419 1861 τὸ

369 1902 514 1982 προπετὲς
529 1900 577 1964 καί
592 1900 710 1979 ἕτοιμον
725 1901 767 1965 είς
780 1900 968 1982 χειροτονίαν
983 1899 1130 1962 Μελιτίαν
1146 1899 1193 1963 καὶ
1212 1906 1271 1963 τῶν
1288 1903 1326 1963 τδ
1344 1901 1420 1964 cinis

370 2004 572 2084 φρονούντων·
597 2003 675 2066 ὥστε
691 2002 738 2065 καὶ
753 1998 872 2083 Πέτρον
886 2004 939 2063 τοῦ
950 1998 1199 2081 μαρτυρήσαντος,
1214 2003 1301 2080 ἤνικα
1317 2004 1419 2084 ἡγεῖτο

369 2109 422 2185 τῆς
433 2101 658 2185 Ἀλεξανδρέων
680 2104 851 2182 ἐκκλησίας,
866 2104 1032 2184 φεύγοντος
1053 2105 1102 2166 διδ
1119 2103 1173 2166 τδν
1192 2106 1261 2168 τότε
1279 2105 1419 2186 διωγμόν,

370 2210 422 2275 τδς
437 2203 637 2288 διαφερούσας
651 2205 728 2292 αύτφ
743 2206 929 2288 χειροτονίας
941 2203 1111 2286 ὑφήρπασε.

412 2308 437 2372 J
438 2329 490 2373 am
506 2329 580 2372 vero
595 2306 742 2372 adductis
757 2305 806 2371 his
822 2305 1038 2390 scriptoribus,
1054 2327 1127 2369 cum
1141 2304 1173 2368 iu
1188 2305 1420 2391 spiploaioars

371 2409 524 2496 scripturn
546 2415 646 2484 extet,
663 2411 797 2475 Petrum
812 2431 846 2474 se
866 2410 1050 2494 opposuisse
1065 2407 1201 2472 Meletio
1218 2408 1338 2472 nolenti
1358 2409 1419 2472 clo·

370 2515 462 2591 ricos,
486 2513 540 2599 qui
562 2512 643 2599 lapsi
665 2519 782 2591 essent,
803 2512 973 2599 pristinum
995 2512 1029 2576 iu
1054 2511 1197 2576 ordinem
1215 2512 1365 2598 recipere,
1385 2512 1418 2577 id

370 2636 483 2681 censeo
494 2616 743 2694 memorandum,
755 2616 816 2680 hoc
830 2616 1048 2679 laxamentum
1062 2611 1095 2678 S.
1108 2615 1208 2678 Petro
1220 2616 1418 2700 adscriptum

370 2740 433 2783 non
447 2725 575 2784 tantum
590 2717 810 2783 consuetudini
826 2715 964 2781 ccelesiae
979 2715 1142 2792 universae,
1155 2716 1210 2779 sed
1221 2716 1319 2781 etiam
1328 2716 1417 2781 Petri

369 2822 467 2907 ipsius
489 2820 650 2887 adversari
672 2818 850 2895 sententiae,
867 2818 921 2902 qui
943 2817 977 2881 in
997 2817 1128 2882 Oenone
1146 2839 1205 2882 suo
1221 2820 1268 2882 Χ.
1289 2819 1419 2883 clericos

369 2924 487 3006 lapsos,
510 2924 570 2988 etsi
593 2930 754 2987 certamen
775 2921 1074 3006 redintegraverint,
1089 2942 1110 2984 υ
1131 2940 1223 2984 sacro
1243 2919 1419 2984 ministerio

369 3024 523 3091 arcendos
542 3046 610 3088 csse
630 3022 755 3087 statuit.
803 3022 896 3104 Quod
913 3022 996 3086 cuim
1018 3022 1158 3107 positum
1177 3022 1279 3086 estin
1299 3043 1420 3086 canone

370 3127 513 3213 proxime
534 3131 697 3210 sequente,
711 3125 745 3188 id
766 3125 807 3188 de
828 3124 916 3188 laicis
937 3130 1066 3188 tautum
1085 3123 1360 3207 interpretandum
1374 3123 1418 3186 vi·

370 3230 473 3293 detur.
520 3228 560 3291 Iu
582 3227 642 3290 hoc
662 3247 736 3289 vcro
757 3225 848 3290 Petri
868 3225 1070 3290 accusatione
1088 3227 1169 3290 benc
1183 3228 1326 3291 notanda
1342 3233 1418 3290 sunt

369 3331 466 3394 verba
482 3328 714 3414 Epiphanicna,
727 3328 854 3394 initium
864 3350 982 3401 versus,
993 3328 1022 3391 ol
1034 3327 1095 3392 κατ’
1106 3328 1239 3409 ἀνάγκην
1254 3329 1302 3392 καὶ
1313 3330 1419 3395 θυσίας

371 3432 541 3515 όφόφαντο,
558 3451 630 3495 cum
651 3430 703 3496 ille
725 3432 757 3495 in
776 3432 905 3496 Oenone
924 3452 983 3494 suo
1004 3430 1190 3514 penultimo,
1209 3452 1273 3494 nou
1291 3438 1418 3495 tantum

368 3534 577 3600 absolvendos
602 3556 667 3611 eos,
691 3536 748 3598 sed
777 3533 875 3598 etiam
904 3532 1135 3597 confessoribus
1164 3533 1419 3597 adnumerandos

369 3643 505 3714 statuat,
520 3657 654 3720 quorum
670 3637 827 3702 manuari
842 3635 939 3701 tracti
954 3644 1061 3700 essent
1075 3637 1116 3700 ab
1127 3634 1306 3699 infidelibus
1317 3636 1420 3699 ἀκοντὶ

369 3742 409 3824 τῷ
425 3736 532 3823 ἀνιέρῳ
548 3736 662 3819 θύματα
700 3739 748 3803 Ηί
772 3738 917 3804 extitisse
939 3738 1088 3802 videntur
1106 3745 1175 3803 tam
1194 3736 1298 3801 clerici
1322 3756 1418 3820 quam

368 3839 459 3918 laici3
490 3848 588 3925 atque
609 3840 683 3904 inde
704 3840 850 3905 fortassis
872 3839 1113 3926 Epiphanianus
1136 3844 1250 3903 auctor
1269 3837 1303 3902 S.
1319 3838 1418 3900 Petro

368 3940 558 4005 calumniam
572 3941 727 4026 duplicem
742 3942 881 4007 intendit
894 3942 936 4007 ad
951 3940 1134 4005 clericorum
1149 3949 1183 4004 ct
1203 3940 1353 4003 laicorum
1370 3961 1418 4001 re·

368 4043 546 4128 ceptionem
563 4043 793 4129 pertinentem
820 4046 910 4129 cujus
930 4051 1040 4109 tamen
1062 4042 1246 4119 benevolam
1268 4062 1345 4124 erga
1366 4060 1418 4102 co·

368 4152 459 4210 actos
474 4147 665 4211 sententiam
677 4148 710 4212 in
720 4146 849 4211 Conone
860 4166 918 4210 suo
928 4145 1026 4209 tortio
1041 4144 1288 4230 comprobarunt
1303 4151 1338 4205 et
1352 4162 1418 4203 am·

368 4245 454 4331 plexi
477 4255 551 4312 suut
567 4248 732 4333 Anoyruui
746 4247 877 4313 Goucilii
899 4254 1019 4333 patres.
1057 4251 1154 4309 Τοῦτο
1178 4247 1211 4307 δὲ
1234 4244 1349 4322 ὁμοίως,
1371 4240 1418 4303 in-

369 4348 491 4432 quiunt,
506 4352 558 4414 ἑπί
569 4374 602 4413 τε
613 4356 672 4413 τῶν
688 4352 720 4413 ἐκ
735 4354 788 4412 τοῦ
799 4350 910 4431 κλήρου
922 4349 1038 4414 καὶτῶν
1049 4349 1153 4411 ἄλλων
1163 4351 1284 4416 λαῖκῶν,
1299 4341 1418 4405 scilicet
