3242 5150
410 393 475 461 298
595 389 869 454 CONCILIUM
893 389 1215 455 ARELATENSE
1240 391 1268 452 l.

408 578 516 621 rerum
529 556 741 621 aestimatione
755 577 965 642 speraveram,
977 557 1061 641 quod
1073 557 1218 621 omnibns
1232 556 1359 621 omnino
1374 553 1461 620 sedi·

410 666 550 730 tionibus
578 675 612 731 et
641 665 908 742 contentionibus,
933 687 1003 750 quse
1032 666 1074 730 ab
1100 666 1139 730 iis
1167 665 1346 729 hominibus
1369 664 1461 729 vids-

409 775 529 839 bantur
553 775 658 839 subito
685 782 863 852 commotae,
889 773 961 838 finis
987 773 1114 840 debitus
1143 774 1254 839 luisset
1278 773 1459 858 impositus.

409 887 473 953 Sed
485 911 555 953 cum
571 893 591 932 ⁸
601 889 783 954 dictationis
794 897 859 954 tuae
869 888 988 974 scripta
998 887 1151 974 legissem,
1164 910 1233 973 quae
1242 888 1284 952 ad
1294 885 1460 951 Nicasium

408 1006 443 1064 et
454 1007 577 1065 ceteros
588 1022 684 1086 super
694 999 805 1065 iisdem
817 998 1068 1064 simulationibus
1078 999 1219 1083 gravitas
1229 1007 1286 1064 tua
1297 997 1459 1063 mittenda

408 1111 608 1186 credideram
639 1111 802 1176 evidenter
825 1110 950 1196 agnovi,
972 1111 1056 1195 quod
1079 1133 1181 1198 neque
1203 1118 1381 1197 respectum
1404 1131 1457 1174 ss·

406 1222 484 1287 lutis
505 1244 583 1301 suae,
604 1244 715 1309 neque,
731 1223 816 1307 quod
837 1228 886 1286 est
908 1223 1019 1306 majus,
1036 1221 1097 1286 Dei
1117 1221 1344 1307 omnipotentis
1363 1241 1457 1285 vene-

406 1333 564 1399 rationem
588 1342 666 1400 ante
687 1333 795 1398 oculos
820 1355 902 1405 suos,
916 1333 1014 1397 velint
1035 1355 1162 1419 ponere.
1226 1332 1390 1417 Siquidem
1416 1352 1458 1395 ea

405 1466 501 1530 agere
523 1445 708 1530 persistant,
724 1466 795 1528 quse
818 1465 881 1506 non
905 1443 1063 1509 modoad
1085 1443 1226 1529 ipsorum
1246 1443 1384 1507 dedecus
1407 1441 1455 1505 in-

406 1555 598 1640 famiamque
613 1555 804 1641 pertineant,
820 1555 878 1618 sed
892 1555 990 1619 etiam
1004 1554 1054 1619 his
1073 1554 1251 1618 hominibus
1265 1552 1457 1618 detrahendi

406 1666 484 1730 dent
509 1665 720 1746 ‘facultatem
736 1666 791 1752 qui
812 1667 905 1752 longe
920 1667 961 1730 ab
982 1665 1161 1751 hujusmodi
1180 1665 1380 1730 sanctissima
1399 1664 1457 1728 ob·

405 1778 567 1843 servantia
580 1799 691 1842 sensus
706 1799 780 1842 suos
794 1784 969 1842 noscuntur
982 1783 1135 1842 avertere.
1181 1775 1264 1840 Nam
1279 1775 1313 1838 id
1329 1797 1456 1862 quoque

404 1894 439 1952 te
454 1888 535 1953 scire
549 1888 705 1965 convenit,
721 1888 807 1973 quod
823 1909 863 1952 ex
876 1887 987 1951 iisdem
1002 1892 1165 1960 venerunt,
1177 1892 1355 1950 asserentes
1366 1885 1455 1970 quod

405 1997 509 2061 minus
522 1997 638 2083 dignus
651 1998 735 2062 idem
751 1998 937 2063 Gaeoilisnus
951 1997 1038 2062 cultu
1053 1997 1281 2062 ¹¹sanctissimae
1292 1996 1455 2082 religionis

404 2107 572 2172 habeatur.
617 2107 663 2172 Et
677 2118 790 2173 contra
804 2108 837 2172 id
853 2108 938 2194 quod
951 2107 1063 2172 iisdem
1083 2107 1318 2192 responderam,
1332 2106 1455 2171 fristra

403 2241 458 2284 eos
471 2219 504 2282 id
516 2219 652 2304 jactare,
668 2219 784 2304 quippe
799 2241 872 2283 eum
891 2241 942 2284 ros
955 2219 1065 2283 luisset
1085 2218 1171 2304 apud
1188 2218 1299 2282 urbem
1314 2217 1454 2282 Romam

403 2331 446 2395 ab
465 2330 587 2395 idoneis
607 2352 646 2395 ac
665 2329 894 2416 probatissimis
909 2329 983 2394 viris
1002 2328 1157 2414 episeopis
1179 2328 1370 2402 terminataz
1395 2329 1453 2393 ob-

403 2441 477 2505 nixe
504 2462 543 2505 ao
571 2439 777 2526 pertinaciter
805 2439 1059 2524 respondendum
1087 2439 1337 2517 aestimaverunt,
1366 2440 1454 2524 quod

403 2576 514 2620 eornm
535 2553 637 2618 omnis
658 2575 756 2619 causa
777 2573 840 2615 non
862 2549 975 2615 luisset
995 2551 1125 2624 audita;
1149 2552 1205 2616 sed
1223 2551 1332 2635 potius
1355 2551 1454 2617 iidem

405 2665 543 2752 episcopi
559 2666 698 2750 quodam
708 2664 776 2729 looo
791 2684 825 2726 ss
844 2662 1042 2739 clausissent,
1056 2668 1091 2728 st
1105 2670 1200 2747 prout
1215 2662 1321 2748 ipsis†
1340 2672 1455 2750 aptum

401 2774 518 2855 fuerat,
537 2774 745 2860 judicassent.
791 2773 897 2855 Quare
911 2794 983 2837 oum
1002 2772 1071 2837 haeo
1085 2780 1136 2838 tot
1154 2780 1187 2838 et
1206 2780 1301 2839 tanta
1319 2774 1454 2838 nimium

401 2885 563 2964 ‡obnixss
578 2884 787 2949 dissensiones
802 2883 990 2970 protrahere
1012 2884 1226 2969 perviderem
1250 2884 1298 2950 ita
1311 2892 1349 2950 ut
1363 2884 1451 2949 nullo

402 2994 498 3057 modo
519 2993 591 3056 finis
612 2994 725 3058 iisdem
745 2994 816 3058 dari
838 3016 931 3080 posse
952 2994 1121 3073 videretur,
1137 2994 1196 3059 nisi
1216 3000 1250 3060 et
1265 2994 1453 3061 Oaecilianus

402 3102 496 3181 idem,
512 3108 546 3166 et
561 3123 602 3165 ex
615 3102 665 3166 his
680 3102 734 3187 qui
749 3110 862 3169 contra
873 3127 945 3169 eum
956 3104 1112 3169 dissident
1123 3111 1190 3169 tres
1203 3103 1310 3188 aliqui,
1323 3104 1355 3167 in
1366 3103 1453 3188 judi-

402 3212 486 3277 cium
508 3231 627 3289 eornm,
648 3212 703 3296 qui
726 3209 820 3277 ¹cum
840 3213 1007 3279 Caeciliano
1032 3212 1176 3279 sentiunt
1201 3230 1452 3298 consensumque

400 3323 563 3402 mdebent,
587 3324 629 3388 ad
651 3323 842 3390 Arelatenss
864 3327 1016 3412 oppidum
1035 3326 1198 3391 venerint:
1221 3326 1451 3413 injungendum

399 3435 538 3501 solertiae
553 3442 618 3500 tnoe
633 3434 721 3513 duxi,
734 3442 773 3500 ut
787 3458 862 3500 mox
877 3436 936 3501 has
951 3436 1076 3502 litteras
1091 3458 1177 3500 meas
1192 3437 1359 3522 acceperis,
1376 3458 1449 3501 cum

401 3543 604 3608 (laecilisnum
627 3541 855 3628 supradictum,
878 3565 950 3607 eum
971 3543 1129 3629 aliquibus
1150 3565 1190 3607 ex
1209 3543 1259 3607 his
1281 3565 1361 3629 quos
1381 3542 1451 3629 ipse

400 3653 553 3739 delegerit
562 3679 572 3730 ;
598 3653 667 3738 (sed
683 3660 717 3717 st
737 3653 777 3717 de
795 3652 978 3738 Byzacena,
996 3653 1211 3738 Tripolitana,
1228 3652 1451 3720 Numidiarum

399 3769 434 3827 et
450 3763 719 3829 Mauritaniamm
733 3777 750 3809 1¹
760 3763 937 3850 provinciis,
953 3763 1067 3849 singuli
1082 3764 1198 3849 quique
1213 3764 1393 3848 aliquantos
1407 3786 1448 3829 ex

431 3983 440 4023 ¹
452 3984 484 4031 al.
496 3983 644 4033 facilitatem.
666 3987 725 4035 Vade
736 3988 870 4048 Aupuseial
881 3988 991 4049 epistolas
999 3986 1040 4035 68.
1052 3985 1105 4035 1⁶2.
1118 3984 1170 4048 165.
1182 3993 1205 4035 sl
1215 3986 1280 4035 llbl.
1292 3989 1376 4035 contra
1387 3986 1449 4047 npt-

397 4064 481 4112 stolom
492 4065 660 4128 Pommlam',
671 4081 724 4129 oap.
733 4066 757 4114 8.
858 4065 869 4099 ¹¹
881 4067 1052 4129 sineerimimae,
1065 4068 1126 4116 aller
1135 4068 1195 4115 MS.
1301 4066 1352 4114 lad
1364 4074 1450 4115 conas

399 4143 562 4194 Casilinum
662 4157 687 4187 m
698 4148 743 4209 lep.
754 4148 870 4211 probent.
971 4158 982 4181 ¹
994 4150 1026 4197 ol.
1039 4148 1203 4213 etprovinciis
1214 4148 1317 4213 singulis
1327 4147 1423 4213 quique.
1475 4181 1478 4186 -

431 4281 447 4311 ⁸
458 4280 522 4345 (sor.
534 4281 681 4346 diationis.)
762 4280 938 4347 τῌπιτήδειον
948 4293 1040 4348 spmm.
1060 4288 1143 4335 Gloesc
1161 4285 1224 4351 Vel.)
1297 4286 1448 4351 “obnoxias

399 4362 532 4423 Adrastia.
544 4372 602 4413 tom.
610 4364 644 4412 lx.
656 4364 682 4413 ln
694 4363 819 4429 Appsnd)
