3242 5150
393 389 642 456 APOLOGIA
666 389 757 453 PRO
782 388 1008 452 ORIGENE.
1162 388 1226 450 343

176 585 211 627 se
233 564 273 628 de
297 561 536 647 quamplurimis
559 561 675 637 dicens,
699 581 757 624 nec
783 568 892 624 tamen
918 566 1039 624 certum
1063 579 1131 622 esse
1154 557 1229 642 quia

178 674 211 737 in
241 673 388 737 omnibus
419 673 505 757 quod
534 670 710 756 perfectum
739 675 789 733 est
818 677 852 734 et
880 668 1039 755 integrum
1065 675 1229 733 assecutus

180 782 232 848 sit.
277 782 341 846 Sed
356 788 390 846 et
404 803 631 865 nonnunquam
644 780 820 844 invenimus
833 801 905 843 enm
920 780 960 842 de
982 778 1091 843 multis
1108 778 1230 841 haerere

179 914 213 956 se
240 891 454 975 profitentem,
471 893 503 954 in
526 891 640 977 quibus
662 890 849 976 ecquidem
873 913 944 975 quae
969 889 1002 952 in
1024 888 1231 974 quaestionem

180 1001 311 1065 veniunt
325 1010 443 1079 movet,
460 1024 516 1066 nec
531 1009 641 1065 tamen
656 1022 764 1065 eorum
776 1000 992 1065 absolutiones
1006 999 1163 1085 adjungit,
1176 1000 1229 1062 scd

181 1134 252 1176 cum
275 1113 360 1175 omni
383 1112 563 1176 humilitate
583 1120 617 1176 et
632 1111 767 1175 veritate
787 1132 851 1174 uon
869 1111 1026 1174 erubescit
1045 1110 1140 1174 fateri
1162 1109 1230 1174 haec

181 1223 318 1286 sibinen
337 1220 468 1304 liquere.
513 1222 704 1285 Audivimus
718 1221 816 1285 etiam
835 1220 911 1285 illud
931 1222 972 1286 ab
992 1244 1030 1285 eo
1050 1221 1232 1305 frequenter

181 1333 292 1411 intexi,
304 1333 389 1417 quod
405 1331 499 1396 hodie
515 1354 554 1396 ne
569 1331 622 1396 isti
634 1332 761 1417 quidem
776 1331 836 1416 ipsi
851 1330 1077 1416 imperitissimi
1092 1331 1232 1394 omnium

183 1445 416 1507 obtrectatores
431 1443 499 1527 ejus
514 1443 619 1506 dicero
634 1441 874 1528 idedignantur,
890 1449 927 1506 nt
943 1441 969 1504 si
985 1441 1055 1526 quis
1070 1440 1181 1504 melius
1193 1441 1233 1503 de

183 1552 233 1616 his
247 1552 325 1616 locis
340 1573 410 1636 quae
426 1551 478 1614 ille
493 1551 653 1629 disseruit,
669 1551 785 1614 dixerit
801 1551 849 1615 vel
865 1550 1056 1636 exposuerit,
1067 1549 1112 1613 illi
1127 1549 1234 1636 potins

185 1660 238 1745 qni
258 1660 376 1724 rectius
398 1659 525 1733 dixerit,
543 1681 639 1744 qnam
661 1659 721 1724 sibi
743 1665 828 1724 esset
850 1659 1103 1724 auscultandum.
1147 1661 1234 1723 Prae-

186 1779 276 1835 terea
296 1771 590 1855 comprehendimus
612 1792 685 1834 aum
702 1791 927 1855 nonnunquam
952 1770 1093 1835 diverses
1112 1770 1235 1856 exposi-

187 1881 291 1945 tiones
316 1881 457 1966 ejusdem
482 1880 612 1966 capituli
638 1880 760 1954 facere3
786 1887 820 1945 et
844 1881 1023 1945 cumomni
1048 1882 1236 1957 reverentia,

186 1991 277 2076 qnasi
293 1990 347 2076 qui
369 1991 451 2056 sciat
470 2013 505 2054 se
527 1992 567 2056 de
587 1992 707 2056 sanetis
723 1991 896 2075 Scripturis
914 1991 1028 2069 dicere,
1044 2014 1116 2056 cum
1136 1993 1238 2057 multa

188 2124 259 2187 quae
283 2102 342 2166 sibi
365 2108 572 2166 occurrerunt
594 2102 788 2188 exposuerit,
803 2101 948 2186 praecipit
967 2101 1017 2166 his
1039 2103 1093 2186 qni
1115 2103 1236 2188 legunt,

187 2213 324 2297 probare
347 2213 387 2276 de
409 2212 540 2297 singulis
562 2234 633 2297 quae
655 2212 784 2289 dixerit,
800 2219 835 2276 et
855 2213 940 2297 quod
959 2213 1078 2277 rectius
1100 2215 1238 2298 prudens

186 2323 288 2388 lector
299 2323 490 2406 judicaverit
505 2322 667 2388 obtinere:
685 2324 827 2408 profecto
842 2324 917 2408 quia
928 2346 986 2389 nec
1001 2325 1104 2409 ipsum
1116 2324 1239 2389 latebat

188 2435 273 2518 qnod
294 2456 358 2497 non
382 2433 489 2498 omnia
512 2455 583 2518 quse
605 2441 748 2498 moverat
769 2435 818 2498 vel
837 2435 1041 2512 discusserat,
1063 2434 1241 2519 probabilia

189 2543 238 2608 vel
262 2543 328 2608 fixa
351 2543 461 2607 haberi
484 2543 646 2620 deberent,
671 2564 729 2628 pro
752 2565 789 2609 eo
817 2545 903 2629 quod
927 2544 1029 2609 multa
1052 2544 1186 2630 mystica
1208 2545 1241 2608 in

191 2654 365 2738 Scripturis
385 2653 506 2717 sanctis
527 2662 561 2717 et
584 2654 617 2717 in
640 2661 764 2718 secroto
785 2653 951 2719 recondita
971 2675 1039 2718 esse
1062 2656 1241 2719 credantur.

194 2762 279 2827 Illud
294 2762 428 2848 denique
442 2763 511 2847 ejus
526 2763 553 2827 si
568 2763 722 2829 intentius
736 2764 950 2842 advertamus,
964 2786 1060 2848 quam
1075 2766 1198 2850 integre
1209 2773 1242 2831 et

193 2872 348 2937 catholice
363 2872 402 2936 dc
417 2871 563 2935 omnibus
577 2872 769 2937 tractatibus
789 2872 855 2937 suis
875 2874 907 2937 in
925 2874 1119 2940 Praefatione
1134 2897 1244 2940 eorum

192 2985 344 3048 librorum
365 3005 445 3067 quos
464 2984 497 3047 in
513 2983 663 3048 Genesim
684 2984 805 3058 scribit,
823 2992 1021 3070 protestatus
1041 2993 1100 3065 est,
1117 3008 1244 3052 omnem

195 3096 264 3181 ejus
279 3115 405 3159 sensum
421 3115 460 3158 ex
475 3094 536 3157 hoc
551 3093 641 3159 facile
656 3116 890 3180 cognoscemus.

239 3207 406 3270 Omonuns.
423 3211 442 3241 ‘⁶
453 3205 474 3244 *⁵
484 3204 558 3269 Nisi
573 3205 761 3271 omnimodis
775 3206 883 3292 *pigri
899 3229 1048 3287 essemus,
1060 3230 1098 3273 ac
1111 3209 1244 3287 desides,

195 3326 216 3349 “
233 3337 273 3380 ue
294 3316 337 3379 ad
359 3315 580 3399 inquirendum
602 3314 729 3401 quidem
752 3318 942 3395 †uccedere,
962 3318 1100 3383 Domino
1119 3326 1153 3385 et
1176 3320 1245 3384 Sal-

195 3434 217 3463 “
233 3433 346 3491 vatore
367 3433 478 3490 nostro
494 3426 537 3490 ad
559 3426 619 3490 hoc
641 3448 699 3490 nos
721 3434 924 3511 provocante,
940 3428 1084 3513 profecto
1105 3450 1247 3494 revocas-

197 3545 217 3574 “
232 3558 338 3602 semus
366 3537 490 3621 pedem,
518 3535 755 3601 considerantes
780 3538 865 3621 quod
890 3537 984 3623 longe
1013 3539 1110 3603 simus
1138 3540 1180 3604 ab
1210 3562 1249 3605 ea

197 3646 452 3732 “magnitudine
472 3645 625 3731 spiritalis
647 3646 874 3731 intelligentiae,
891 3669 954 3731 qua
973 3648 1014 3711 de
1035 3654 1104 3712 tam
1125 3650 1248 3735 magnis

198 3763 219 3793 “
234 3756 329 3820 rebus
344 3756 556 3841 ssinvestigari
571 3756 688 3822 debeat
702 3755 912 3823 intellectus.”

243 3865 438 3931 Panaenus.
484 3866 530 3930 Et
558 3868 654 3952 paulo
683 3873 757 3952 post
786 3868 851 3932 ait:
888 3868 1053 3933 Osronuns.
1098 3870 1170 3935 “Si
1200 3871 1250 3935 cui

199 3982 219 4013 “
235 3998 310 4040 vero
333 3976 367 4039 in
388 3977 619 4062 disceptatione
640 3978 832 4063 profundum
856 3978 975 4064 aliquid
1001 3979 1185 4057 occurrerit,
1211 3982 1251 4044 de

234 4135 242 4174 ¹
253 4135 308 4184 MS.
321 4136 420 4199 sagrus,
431 4140 572 4199 dieucum.
695 4140 707 4173 ¹¹
722 4140 795 4188 MSS
806 4142 873 4204 pipri
884 4147 967 4203 essent,
979 4140 1009 4189 nl.
1022 4143 1118 4203 quidem
1127 4158 1153 4205 p.
1166 4149 1249 4193 ment.

199 4216 229 4265 al.
241 4232 268 4279 p.
280 4224 358 4266 essem
368 4220 468 4282 incenit.

232 4318 246 4347 θ
257 4316 378 4382 (Positum
389 4321 484 4368 viddur
495 4321 542 4370 nisi
552 4336 598 4383 pro
608 4322 630 4370 si
642 4320 711 4383 nora)
952 4327 971 4381 †
984 4319 1048 4384 (sor.
1061 4322 1219 4385 aecedentes.)

597 4402 686 4467 Μῦν·
699 4404 855 4468 investigare)
