3242 5150
316 419 367 482 IN
392 419 647 482 ANCYRANI
675 421 891 484 CONCILII
917 421 1146 486 CANONES.
1191 424 1255 486 143

203 589 315 653 itidem
335 589 421 674 apud
445 589 478 654 S.
491 589 626 654 Martini
642 590 848 654 Braoarensis
869 590 1080 670 θοῖίααιῖοπαα,
1101 593 1252 670 oernitur‚

202 693 246 756 ad
262 691 480 756 diversitatem
495 693 602 777 potius
612 693 783 778 disoiplinae
795 715 890 778 quam
901 693 1045 759 lectionis
1055 695 1253 760 referendam

203 817 284 870 esse,
315 796 457 859 ostendit
487 795 570 859 idem
601 796 787 877 Quesnelius
810 797 938 860 Diem
963 797 1017 860 xii.
1042 807 1117 884 post
1142 799 1254 862 Leonis

204 896 252 958 M.
266 897 367 980 Opera
382 895 526 960 collocat.
551 918 618 981 oap.
635 897 675 959 iv.
700 899 731 979 ξ.
751 917 799 961 ιο.
822 919 916 982 pagg.
929 899 1004 982 656,
1021 901 1095 982 657.
1141 900 1252 985 Ipsum

204 1019 288 1075 vero,
315 999 400 1083 quod
426 999 486 1062 hoo
509 999 636 1064 Oenone
658 999 782 1082 jussum
806 1005 866 1072 est,
893 1020 960 1083 prae
983 1021 1018 1062 se
1040 999 1103 1064 fert
1127 1000 1250 1078 Canon,

204 1100 257 1183 qui
277 1101 442 1164 vioesimus
465 1110 598 1185 quartus
620 1100 704 1164 inter
728 1101 861 1164 θαιιοπας
881 1099 1046 1164 Athanasii
1059 1103 1252 1186 μαθτιατσθα

206 1202 299 1265 OPol.
323 1211 514 1266 recensetur.
574 1201 659 1265 Vide
683 1201 830 1266 Vansleb.
854 1203 991 1266 Ηῖαθαῖτο
1012 1202 1048 1266 de
1068 1203 1199 1290 ῖἘρθτζιτ
1219 1205 1253 1270 d'

201 1303 401 1383 Alexandria,
429 1326 498 1390 per.
521 1326 549 1367 v.
574 1326 642 1388 oap.
666 1323 697 1388 3.
720 1325 751 1388 p.
777 1307 852 1385 284.
897 1303 1019 1367 Verum
1044 1305 1115 1388 quis
1141 1305 1248 1380 fuerit,

204 1413 262 1469 aut
288 1427 351 1490 quo
380 1413 524 1492 tempore
553 1404 678 1480 vixerit,
705 1404 756 1468 hio
780 1404 988 1478 Athanasius,
1013 1405 1128 1480 nescio,
1156 1429 1250 1492 quem

205 1507 397 1572 Vanslebius
419 1508 546 1592 quidem
566 1529 607 1571 ex
630 1506 842 1570 Abulbiroato
862 1507 1057 1590 temporibus
1078 1507 1159 1593 Imp.
1173 1509 1249 1574 Jus-

203 1609 316 1674 tiniani
345 1609 524 1695 adscripsit.
570 1607 667 1674 Certe
690 1609 794 1672 nullus
820 1609 889 1694 ejus
911 1608 1046 1674 nominis
1069 1610 1184 1694 praesul
1210 1611 1249 1675 iis

202 1712 399 1797 temporibus
414 1711 689 1796 Constantinopoli
704 1711 795 1775 sedit.
823 1712 872 1774 At
887 1733 961 1775 vero
977 1711 1091 1776 soeeulo
1106 1713 1248 1797 proxime

200 1815 411 1879 antecedente
425 1814 553 1899 praefuit
567 1814 641 1877 huie
656 1813 722 1877 sedi
738 1813 803 1878 ΟΡ.
821 1813 1002 1890 Anatolius,
1017 1835 1112 1898 quem
1126 1813 1248 1878 dietum

200 1937 270 1980 esso
286 1916 501 1981 Athanasium
521 1937 604 1980 nuno
619 1914 713 1979 didioi
728 1915 770 1978 ab
786 1915 900 1979 illustri
917 1915 1074 1980 Poeoelrio
1088 1916 1120 1978 in
1138 1915 1247 1980 Indiae
1315 1969 1319 1974 ,

201 2017 415 2083 Personarum
430 2016 605 2083 Ατνιιαθὶδιιτ
620 2017 770 2102 Eutyohii
786 2017 927 2102 praefixo.

604 2254 756 2318 OANON
780 2254 840 2316 XI.

243 2391 281 2452 P.
291 2407 362 2451 121.
373 2389 394 2451 l.
402 2391 432 2452 6.
443 2393 506 2456 Τᾶς
516 2392 749 2470 μνηστευθείσας
758 2389 974 2474 &c.]Z0nnrae
988 2389 1244 2452 Ommmlariut:

199 2492 258 2556 Kal
273 2495 289 2555 ό
304 2492 397 2575 μίγας
412 2496 570 2559 Βασίλειος
586 2495 619 2556 ἐν
635 2497 758 2578 εἰκοστῷ
773 2491 899 2576 δευτέρῳ
915 2491 1018 2554 κανόνι
1033 2491 1121 2554 αὐτοῦ
1135 2492 1189 2553 τὸν
1212 2490 1249 2570 ἐξ

197 2598 332 2677 ἁρπαγῆς
348 2596 458 2679 ἔχοντα
472 2602 608 2678 γυναῖκα,
624 2596 663 2675 μὴ
686 2598 831 2676 πρότερον
849 2594 1073 2676 παραδέχεσθαι
1091 2596 1134 2660 είς
1153 2595 1243 2670 μετά-

198 2722 283 2761 νοιαν
296 2700 451 2776 βούλεται,
468 2698 548 2778 εἰμὴ
564 2698 711 2778 ἀφαιρεθῇ
733 2699 764 2775 ἐξ
783 2697 873 2761 αὐτοῦ
893 2697 911 2775 ἡ
933 2698 1112 2777 ἁρπαγεῖσα,
1135 2696 1183 2759 καὶ
1203 2700 1243 2781 τῷ

195 2802 448 2882 μνηστευσαμίνῳ
472 2800 564 2877 αι’ττήν
587 2803 668 2878 δοθῇ,
697 2802 722 2862 εἰ
747 2799 819 2865 τέως
841 2799 983 2878 βούλοιτο
1009 2803 1120 2874 λαβεῖν
1141 2795 1242 2875 αὐτήν.

196 2902 287 2966 οὕτως
302 2901 350 2963 καὶ
371 2900 424 2964 τὸν
447 2902 559 2964 κανόνα
581 2907 685 2965 τοῦτον
708 2900 832 2978 νοητέον
853 2901 958 2982 λέγειν
978 2899 1024 2973 τὸ,
1047 2899 1243 2962 ἀποδίδοσθαι

195 3004 249 3068 τδς
263 3004 448 3084 θρπαγείσας
458 3010 520 3069 τοῖς
529 3002 802 3082 μνηστευσαμένοις
811 3002 908 3069 αὐτός·
926 3005 953 3066 εί
964 3004 1094 3082 αἱροῖντο
1105 3003 1243 3080 δηλονότι

195 3110 306 3182 λαβεῖν
331 3103 429 3170 αιἰτθς.
460 3106 582 3171 ἄκοντες
606 3108 664 3186 γὰρ
690 3106 742 3168 οὐκ
765 3103 1055 3187 ἀναγκασθήσονται.
1098 3103 1242 3167 Eandem

194 3204 374 3267 cautionem
407 3204 527 3269 habent
562 3204 710 3291 Balsamo
744 3206 776 3269 in
808 3207 967 3270 Commorat.
1001 3206 1242 3287 Malthaeusque

195 3305 357 3371 Blastarss
375 3306 438 3371 Lit.
454 3308 495 3372 A.
511 3330 580 3393 oap.
597 3307 662 3371 xiii.
680 3330 711 3393 p.
726 3328 778 3393 3¹·

586 3508 737 3574 GANON
761 3509 848 3572 XII.

239 3642 322 3707 Ibid.
338 3642 358 3705 l.
378 3662 426 3705 ιο.
442 3644 521 3709 Τοὺς
535 3646 592 3724 πρὸ
608 3651 660 3707 τοῦ
674 3646 882 3723 βαπτίσματος
899 3644 1057 3708 τεθυκότας
1074 3640 1142 3725 δια]
1158 3640 1238 3705 Can.

193 3744 314 3808 Niaaeu.
330 3766 362 3807 x.
380 3745 547 3809 Haanum.
591 3746 726 3811 Zonaras
743 3745 1002 3809 Commentarius:
1031 3743 1075 3806 Τδ
1097 3742 1238 3817 παλαιὸν,

191 3846 227 3907 τδ
241 3847 298 3923 μὲν
313 3830 445 3927 κήρυγμα
460 3846 600 3930 ἐδέχοντο
616 3851 644 3911 ol
664 3849 794 3919 πλείους,
812 3848 860 3909 καὶ
881 3848 1037 3909 ἐπίστευον
1051 3846 1090 3929 τῷ
1106 3848 1237 3927 Χριστῷ,

190 3949 389 4025 ῥαπίζεσθαι
404 3949 435 4010 δὲ
450 3949 665 4029 θπερετίθεντο.
689 3948 733 4013 διδ
753 3949 831 4011 sold
848 3950 991 4029 θεολόγος
1006 3948 1174 4028 Γρηγόριος,
1191 3948 1239 4009 καὶ

191 4052 209 4111 ό
230 4049 326 4129 μέγας
341 4050 500 4115 Βασίλειος
522 4052 589 4118 τοὺς
607 4054 649 4117 είς
669 4051 704 4114 τδ
726 4050 814 4134 όγιον
834 4050 992 4131 βόπτισμα
1012 4047 1239 4129 προτρεπτικοὺς

191 4148 425 4231 συνεγράψαντο
441 4152 559 4232 λόγους.
582 4152 662 4230 ἦσαν
677 4154 730 4216 αδν
748 4156 782 4216 ἓν
799 4158 862 4218 τοῖς
884 4156 995 4231 καιροῖς
1015 4156 1074 4213 τῶν
1091 4154 1235 4229 διωγμῶν,

189 4256 318 4313 τοιοῦτοι
340 4252 459 4329 πολλοὶ,
476 4254 650 4332 Χριστιανοὶ
663 4255 720 4332 μὲν
739 4255 834 4327 ὄντες,
853 4252 939 4332 μήπω
960 4253 992 4315 δὲ
1010 4249 1236 4329 βαπτισθέντες.

189 4352 286 4434 φησίν
308 4353 362 4415 οὖν
385 4352 586 4433 περὶτούτων
608 4356 625 4415 δ
649 4356 755 4427 κανὼν,
771 4356 817 4416 ὅτι
840 4354 893 4417 ἑόν
915 4376 992 4419 τινες
1014 4353 1126 4415 ἔθυσαν
1150 4374 1236 4411 κατα-
