3242 5150
387 417 431 484 98
725 402 1105 473 ANNOTATIONES

434 581 470 642 P.
483 580 534 660 87.
550 577 571 641 l.
586 597 633 641 ιι.
654 577 707 640 τὸν
722 576 766 640 ἐπ’
784 576 926 659 εὐσεβείᾳ
940 574 1082 656 θάνατον]
1101 575 1176 653 ὑπὲρ
1194 571 1353 650 εὐσεβείας
1367 567 1443 632 MS.

389 681 528 766 Nerfele.
544 689 665 743 mertem
673 700 735 764 ρτο
746 678 862 763 pietate
877 683 939 740 vet.
957 675 1122 760 Interpres
1141 675 1281 755 Rufinus.
1298 669 1343 735 ἐπ’
1360 671 1444 734 εὗσε-

390 784 478 861 βείας
503 782 580 845 MS.
605 780 696 845 Bedl.
743 779 836 843 Nune
855 779 928 842 huie
952 779 1115 842 Burtenus
1134 773 1226 840 sddit
1248 773 1332 838 Med.
1357 773 1444 835 Mae.

392 891 426 947 et
438 883 557 1048 gddetl.
571 1001 619 1068 15.
636 984 670 1046 οὐ
684 986 743 1063 γὰρ
759 982 916 1064 ἁρπαγμὸν
930 982 1003 1065 dte]
1023 980 1146 1044 Videsis
1161 999 1233 1064 quae
1247 983 1323 1041 ante
1334 974 1445 1060 seripsi

394 1088 435 1151 ed
453 1084 631 1171 Epistolam
649 1087 762 1148 Vnnne.
777 1093 812 1148 et
829 1083 1090 1161 Ιτιιοτιιττιτςτιιιιιςτ,
1104 1083 1134 1164 ξ.
1151 1099 1196 1164 17.
1211 1078 1272 1144 vol.
1284 1081 1312 1142 1.
1329 1100 1360 1160 p.
1371 1079 1447 1163 364.

440 1190 478 1252 P.
496 1191 546 1252 88.
571 1188 592 1251 l.
609 1210 640 1266 4.
666 1189 854 1266 ζηλώσαντες
876 1188 913 1248 τὰ
937 1187 1058 1265 μείζονα
1083 1184 1266 1268 χαρίσματα]
1295 1178 1445 1265 Apostoli

393 1289 490 1355 verba
507 1296 591 1366 sunt,
609 1295 742 1369 Ζηλοΰτε
758 1291 791 1352 δὲ
805 1291 843 1352 τὰ
857 1289 1028 1371 χῦρίσματα
1046 1290 1084 1350 τὰ
1102 1287 1264 1367 κρείττονα.
1280 1285 1342 1368 Ep.
1363 1303 1387 1347 ι.
1404 1282 1449 1346 ad

397 1394 465 1458 θον.
480 1415 548 1478 cap.
562 1391 626 1455 xiii.
642 1413 756 1455 eemm.
766 1411 820 1476 31.

440 1494 523 1558 Ibid.
540 1497 568 1557 oi
588 1495 792 1574 Χριστοφόροι
810 1492 968 1576 μᾶρινρες]
991 1490 1032 1554 Id
1046 1498 1097 1555 est
1111 1489 1240 1555 Christo
1254 1486 1347 1575 pleni.
1392 1486 1446 1551 Sie

393 1597 540 1684 Ignatius
556 1595 776 1660 Antieehenus
796 1596 963 1681 episeopus
982 1594 1087 1658 dietus
1108 1601 1159 1657 est
1173 1593 1328 1674 θεοφόρος.
1344 1590 1377 1654 id
1393 1598 1443 1654 est

394 1701 464 1766 Deo
478 1699 598 1786 plenus.
623 1699 785 1762 Vennsrns.

439 1800 524 1864 Ibid.
546 1799 566 1862 1.
589 1803 618 1861 6.
645 1799 739 1882 τινες]
771 1799 826 1862 Ad
855 1799 926 1862 edit.
956 1799 1063 1861 Germe.
1090 1818 1180 1861 oram
1209 1803 1355 1860 notatum
1381 1804 1442 1872 est,

395 1911 417 1940 “
433 1900 739 1984 Christephersonus
754 1900 840 1963 delet
854 1901 963 1965 τινες.”
975 1901 1019 1965 δὶς
1030 1920 1088 1983 pre
1099 1901 1236 1979 δεύτερον
1244 1897 1443 1982 Nieptone.

440 2001 523 2064 Ibid.
539 2001 558 2064 l.
576 2019 622 2064 Π.
640 1999 749 2086 ἑκάστῃ
760 2001 903 2087 βασάνῳ]
917 1999 1031 2083 ἑκάστῳ
1043 2007 1076 2078 β.
1087 2000 1160 2064 MS.
1169 2000 1260 2063 Bodl.
1270 2000 1443 2085 etNt'eepd.

395 2102 499 2166 Addit
514 2101 676 2166 Burtonus
690 2100 775 2165 codd.
792 2100 877 2165 Med.
893 2101 980 2164 Mae.
996 2101 1106 2164 Fene.
1121 2100 1259 2184 Nerfele.

440 2203 523 2266 Ibid.
540 2202 558 2266 Ι.
576 2224 625 2289 13.
640 2202 794 2290 ἐπαίοντο]
811 2204 917 2266 ἔπαιον
930 2202 978 2267 ed.
991 2201 1092 2286 &opt
1108 2210 1142 2267 et
1153 2202 1350 2287 Nicophanes,
1361 2204 1446 2287 quod

397 2306 540 2370 Valesius
560 2304 708 2369 mutabat
726 2326 797 2369 enm
819 2306 970 2379 ἐπαίοντο,
986 2305 1034 2367 vel
1051 2326 1091 2367 ex
1110 2305 1233 2389 seriptis
1251 2307 1323 2383 sais,
1340 2306 1387 2370 vel
1406 2327 1445 2368 ex

394 2410 516 2492 Rufino,
543 2407 598 2492 qui
623 2407 730 2484 habet,
754 2405 999 2484 verberabamur,
1026 2413 1113 2470 eerte
1138 2408 1346 2473 confirmante
1370 2410 1446 2472 MS.

396 2509 487 2576 Bedl.
510 2509 571 2575 Sed
586 2511 663 2577 MS.
675 2511 815 2594 Norfobe.
829 2511 978 2576 mendose
988 2511 1122 2574 ἔπαινον.
1146 2511 1227 2574 Haee
1238 2510 1312 2574 olim
1324 2510 1445 2596 scripsi.

396 2614 489 2678 Nune
510 2622 648 2690 constat,
666 2614 823 2678 referente
844 2612 999 2691 Burteno,
1019 2612 1164 2676 extitisse
1182 2612 1215 2675 in
1232 2612 1347 2676 Valesii
1362 2614 1447 2677 eodi-

395 2718 484 2781 eibus
498 2717 585 2780 Med.
601 2718 690 2781 Mae,
708 2724 742 2780 et
752 2717 861 2779 Fusa.
872 2717 1021 2780 ἐπαίοντο.
1052 2716 1116 2779 Sed
1128 2715 1307 2780 Burtonum
1318 2726 1446 2781 secutus

396 2821 501 2883 ἔπαιον
517 2818 669 2894 revocavi,
685 2840 757 2882 eum
773 2825 905 2902 propter
917 2817 992 2894 elia,
1006 2825 1075 2881 tum
1087 2818 1161 2902 quia
1175 2820 1272 2883 verba
1282 2818 1336 2883 illa
1351 2821 1447 2901 ἕτεροι

398 2924 429 2983 δὲ
446 2920 538 2984 πόλιν
553 2922 665 2999 ἵμοσιν,
682 2920 742 2983 hoe
762 2920 883 2983 facinus
900 2940 1007 2982 ιτιτςιισ
1020 2927 1184 3003 patratum
1199 2940 1280 2996 esse,
1294 2920 1412 2984 scilieet
1427 2943 1447 2985 a

398 3021 500 3105 vulgo,
517 3020 707 3106 significent.
853 3054 858 3063 ·

441 3123 525 3187 Ibid.
542 3123 637 3203 ἕτεραι
652 3122 697 3207 δὲ]
713 3125 742 3185 ei
756 3124 789 3184 δὲ
805 3120 932 3205 Nt'ceple.
966 3123 1048 3184 Mox
1061 3123 1147 3206 apud
1162 3123 1250 3187 ettad.
1265 3124 1356 3189 deest
1370 3124 1445 3188 illud

397 3228 451 3305 τὴν
467 3229 501 3290 ἐν
515 3226 587 3304 αι’ττῇ
603 3224 657 3286 lin.
673 3225 721 3286 16.

442 3328 524 3392 Ibid.
541 3329 636 3406 ἕτεροι
651 3328 683 3388 δὲ
698 3326 835 3409 ῥάβδοις]
857 3324 975 3410 Virgae
988 3325 1059 3390 illas
1072 3325 1186 3410 quibus
1199 3329 1364 3412 Martyres
1374 3329 1446 3392 eaesi

397 3442 472 3497 eunt
496 3428 744 3506 Alexandriae,e
767 3427 849 3492 eitre
863 3435 897 3492 et
919 3428 1002 3492 malo
1024 3429 1139 3514 punies
1159 3430 1254 3493 fuisse
1273 3430 1367 3495 docet
1388 3432 1446 3515 Sy·

394 3555 487 3597 meon
507 3529 749 3616 Metaphrastes
770 3530 802 3593 in
827 3530 920 3595 Aetis
936 3528 1035 3594 MSS.
1060 3530 1179 3596 Phileae
1199 3554 1237 3596 ae
1260 3532 1444 3597 Philoromi.

398 3636 450 3700 sie
465 3635 548 3699 enim
564 3634 611 3698 ait
626 3635 666 3698 de
683 3633 884 3697 Philoromot
907 3631 986 3695 ταῦτ’
1002 3633 1061 3714 ἔφη
1075 3635 1140 3697 ἐπεὶ
1155 3635 1255 3715 λέγων
1268 3639 1449 3716 θρασύνεται

397 3742 459 3803 τοῖς
474 3740 585 3816 δημίοις
600 3738 616 3798 ὁ
632 3734 771 3817 ἔπαρχος,
787 3734 911 3816 ῥάβδοις
923 3736 1002 3814 ῥοῶν
1022 3735 1070 3796 καὶ
1090 3736 1205 3814 κιτρίων
1225 3734 1381 3815 τέτταρσιν
1395 3760 1447 3798 σε-

398 3838 559 3918 παρμένοις
576 3840 610 3900 ἓν
624 3841 663 3919 γῇ
678 3837 794 3915 σάλοις,
810 3842 914 3919 χεῖρας
932 3836 981 3897 καὶ
999 3836 1093 3901 πόδας
1113 3836 1203 3897 αὐτοῦ
1223 3834 1449 3916 ἐξαρτήσαντες,

398 3940 450 4002 τὸν
466 3944 560 4001 νῶτον
582 3942 751 4017 ροστίξατε.
797 3939 909 4021 Atque
931 3938 992 4001 hue
1014 3938 1174 4023 pertinere
1195 3937 1343 4002 existimo
1365 3938 1451 4023 quod

398 4047 491 4103 notat
515 4038 607 4103 Philo
630 4040 662 4103 in
684 4040 829 4104 oretione
851 4040 1002 4104 adversus
1026 4040 1187 4117 Flaccum,
1201 4040 1373 4126 flagrorum
1389 4042 1451 4105 dis-

398 4142 517 4206 crimen
540 4142 635 4205 fuisse
659 4142 877 4219 Alexandriae,
893 4165 952 4228 pro
974 4143 1153 4209 conditione
1167 4166 1205 4207 ae
1225 4142 1382 4229 dignitate
1401 4166 1447 4207 re

399 4265 489 4307 orum
504 4244 557 4328 qui
573 4245 779 4308 crederentur.
818 4244 902 4308 Aliis
916 4245 999 4308 enim
1014 4245 1123 4331 flagris
1137 4253 1171 4310 et
1186 4267 1242 4330 per
1257 4245 1336 4310 alios
1351 4248 1450 4311 eaede-

399 4349 518 4412 bentur
539 4347 694 4433 AEgyptii,
711 4346 781 4412 eliis
800 4348 912 4412 ineolae
933 4348 1071 4413 civitatis
1095 4348 1331 4413 Alexandrinis.
1368 4350 1451 4412 Nem
