3242 5150
384 401 657 466 CONCILIUM
682 399 1075 463 ELIBERITANUM.
1184 397 1247 464 271

659 569 787 633 LXIV.

247 683 282 746 Si
304 704 368 766 qua
388 682 502 746 mulier
527 702 628 766 usque
654 679 686 742 in
711 679 807 743 finem
829 678 942 742 mortis
963 700 1029 742 snae
1051 700 1123 742 cum
1146 677 1252 743 alieno

203 794 270 858 viro
284 793 381 857 inerit
399 791 579 864 moechata;
604 790 733 875 placuit,
757 791 869 853 necin
891 789 953 852 fine
975 788 1114 852 dandam
1131 790 1160 853 ei
1182 811 1252 854 esse

203 904 466 969 communionem.
510 902 544 966 Si
560 923 635 965 vero
649 921 721 965 eum
738 900 910 986 reliquerit,
928 908 1003 985 post
1021 901 1131 965 decem
1150 923 1253 966 annos

203 1013 359 1097 'accipiat
374 1012 638 1087 communionem,
652 1019 727 1074 acta
741 1009 883 1093 legitima
897 1009 1096 1094 poenitentia.

672 1118 780 1182 LXV.

249 1233 283 1296 Si
297 1233 386 1316 cujus
400 1230 503 1295 clerici
519 1251 599 1294 uxor
616 1228 713 1293 inerit
727 1230 899 1302 moechata,
915 1243 949 1294 et
967 1230 1074 1294 scierit
1094 1251 1164 1294 earn
1185 1251 1251 1293 ma·

204 1344 285 1408 ritus
307 1365 382 1406 suus
404 1341 568 1416 moechari,
586 1353 619 1406 et
641 1363 705 1405 nou
726 1363 797 1405 eam
820 1342 931 1405 statim
952 1342 1130 1426 projecerit,
1146 1363 1204 1405 nec
1218 1341 1252 1404 in

205 1457 267 1519 fine
292 1453 428 1539 accipiat
451 1453 723 1529 communionem,
761 1473 801 1516 ne
830 1454 872 1516 ab
895 1452 971 1530 iliis,
997 1453 1050 1538 qui
1074 1453 1252 1538 exemplum

205 1567 296 1630 bonae
311 1563 558 1628 conversationis
573 1585 641 1627 esse
656 1563 784 1636 debent,
800 1564 843 1627 ab
858 1562 904 1626 eis
917 1562 1085 1627 rideantur
1099 1561 1253 1627 scelerum

205 1675 388 1762 magisteria
403 1675 584 1759 procedere.

668 1782 794 1846 LXVI.

251 1896 285 1959 Si
301 1895 371 1979 quis
386 1894 633 1979 ⁸†praevignam
647 1914 737 1957 suam
752 1891 881 1957 duxerit
894 1914 1044 1966 uxorem3
1062 1915 1100 1958 eo
1115 1894 1200 1978 qnod
1212 1893 1255 1958 sit

207 2007 355 2080 incestus,
371 2005 500 2091 placuit,
516 2025 573 2068 nec
588 2003 620 2066 in
635 2001 698 2067 fine
713 2002 851 2066 dandam
866 2024 935 2066 esse
949 2001 978 2066 ei
994 2005 1256 2068 communionem.

653 2114 805 2176 LXVII.

252 2226 498 2302 Prohibendam,
515 2245 554 2287 ne
576 2244 639 2306 qna
660 2222 773 2300 fidelis,
788 2221 837 2286 vel
859 2223 1087 2288 catechumena
1101 2231 1159 2288 aut
1178 2225 1255 2289 beo

208 2344 323 2412 matos,
338 2341 396 2398 aut
418 2333 502 2397 viros
524 2332 694 2397 cinerarios
716 2332 866 2396 habeant.
912 2332 1115 2417 Quoecunque
1132 2332 1192 2396 hoc
1212 2333 1256 2397 fe·

208 2448 319 2522 cerini,
334 2469 355 2512 a
369 2445 587 2511 communione
602 2451 782 2508 arceantur.

646 2555 819 2620 LXVIII.

252 2667 498 2744 Gatachumena,
521 2666 547 2729 si
571 2688 628 2750 per
653 2664 844 2729 adulterium
871 2664 1059 2751 conceperit,
1086 2666 1256 2751 cpraefoca-

210 2780 289 2845 verit
298 2805 308 2857 3
330 2776 449 2865 placuit
459 2782 489 2855 ‡,
503 2777 535 2841 in
550 2777 613 2841 fine
629 2776 794 2862 baptizari.

658 2888 796 2953 LXIX.

252 2996 308 3061 *si
327 2998 397 3082 quis
417 2996 500 3061 forte
520 2998 642 3062 habens
661 3020 793 3062 uxorem
814 2997 910 3061 semel
925 2997 1022 3064 fuerit
1041 2999 1166 3084 lapsus;
1191 2998 1257 3085 pla-

210 3108 286 3187 cuit,
311 3130 383 3172 eum
405 3108 652 3192 quinquennium
672 3131 767 3193 agere
792 3109 833 3172 de
856 3130 895 3172 ea
914 3131 948 3172 re
970 3110 1201 3194 poenitentiam,
1224 3119 1258 3176 et

210 3217 254 3281 sio
276 3218 488 3283 reconciliari:
520 3218 580 3282 nisi
607 3219 779 3283 necessitas
801 3218 996 3283 infirmitatis
1017 3219 1158 3304 coegerit
1181 3228 1258 3285 ante

211 3337 336 3413 tempus
360 3329 437 3393 dare
463 3328 724 3393 communionem.
778 3328 852 3391 Hoc
878 3336 911 3393 et
936 3329 1021 3394 circa
1045 3330 1178 3394 seminas
1202 3330 1258 3394 ob·

210 3438 408 3501 servandum.

673 3548 792 3611 LXX.

254 3658 311 3723 eSi
334 3681 406 3723 cum
428 3658 621 3723 conscientia
643 3659 750 3723 mariti
773 3681 855 3722 uxor
876 3660 972 3724 suerit
999 3659 1167 3737 moechata,
1193 3660 1259 3745 pla

244 3820 383 3880 :sperne
394 3818 467 3881 recipi
479 3820 517 3866 ad.
617 3829 632 3858 ι
644 3820 760 3878 Acirim.
773 3818 918 3880 privignam.
996 3818 1139 3878 aarum,
1149 3819 1259 3880 manicos,

209 3910 254 3949 nur
270 3901 334 3949 viros
350 3900 454 3949 scenicos
470 3900 583 3948 habeant.
716 3902 857 3961 eripuere,
867 3909 892 3947 et
902 3909 1043 3961 conceptum
1059 3901 1188 3961 necaverit,
1199 3901 1259 3963 piac.

212 3982 227 4021 d
239 3984 284 4029 Icc
294 3982 322 4028 in
333 3984 404 4029 Decr.
417 3982 535 4043 paraviti.
547 3996 590 4043 cap
609 3982 664 4029 281.
676 3988 698 4029 ci
712 3983 814 4042 Recine,
825 3982 865 4029 lib.
876 3981 900 4029 ii.
912 3996 964 4043 cap.
979 3994 986 4025 r
992 3980 1030 4041 38.
1142 3992 1155 4021 ο
1167 3983 1259 4031 Bima.

211 4060 252 4109 lib.
262 4062 294 4109 ix
308 4078 359 4125 cap.
370 4060 408 4127 ta
421 4078 452 4111 ar
467 4064 537 4111 Cone.
553 4066 667 4125 Moyrmt.
684 4065 729 4111 Iro
745 4065 773 4110 In
789 4066 863 4111 Decr.
879 4072 942 4125 pnrt.
950 4062 999 4109 viii.
1011 4078 1063 4125 cap.
1072 4062 1127 4122 2⁶4.
1144 4078 1175 4111 ea·
1188 4065 1260 4112 Coae.

213 4145 276 4191 lilii.
288 4151 311 4193 ei
322 4160 372 4207 cap.
383 4142 437 4193 206.
450 4160 481 4193 ar
493 4148 565 4193 Cone.
578 4147 645 4206 Mop.
658 4146 782 4208 utrobique
792 4146 859 4192 addit
875 4147 903 4191 tn
911 4146 981 4205 fine.-
1003 4144 1028 4192 si
1039 4160 1095 4193 cunr
1110 4160 1164 4193 earn
1181 4146 1261 4194 suedi

211 4226 354 4287 adulteram,
366 4226 446 4289 nliquo
458 4236 564 4289 ternpore
575 4227 600 4275 in
612 4228 683 4275 domo
694 4242 738 4275 sua
749 4226 858 4275 retinnit.

245 4324 259 4351 ³
271 4322 321 4386 (his
331 4324 386 4371 cdii.
398 4321 511 4386 Matar.)
608 4321 786 4387 †(privignam
798 4324 834 4371 cd.
845 4319 956 4383 Macris.)
1022 4321 1113 4384 ‡(aarn
1126 4324 1223 4370 additur
1233 4324 1260 4369 in

212 4402 267 4449 ecit.
279 4400 392 4465 Macrin.)
