3242 5150
346 343 390 408 66
680 343 1058 408 ANNOTA'PIONES

346 519 450 579 τεΰθευ
470 516 653 588 ἀναλύσεως,
674 536 770 601 quam
791 515 832 602 de
853 514 907 579 illa
927 512 1064 599 apostoli
1086 513 1232 577 ἀναλύσει
1253 532 1274 576 a
1296 513 1394 576 Petro

346 616 441 679 modo
456 615 597 680 laudata.

392 719 426 780 Ρ.
439 735 493 803 37.
517 717 538 780 l.
550 739 579 801 9.
604 716 757 798 ἐμπαίζειν
778 719 871 806 αὐτῷ]
895 719 960 781 Ρτο
982 718 1151 782 &nectito
1168 716 1265 780 dandi
1286 735 1395 780 casum

347 817 410 882 fide
424 817 517 882 nixus
531 840 580 882 ται
595 819 729 882 codicem
744 819 837 884 Βαάλ
852 827 886 884 et
901 820 1102 904 evangelistae
1116 827 1212 882 ίοπίυο
1226 814 1361 901 reposui.

742 990 904 1052 CANON
928 990 995 1052 XI.

393 1120 474 1184 lbid.
490 1119 510 1183 Ι.
525 1140 572 1203 13.
596 1124 636 1185 Oi
658 1123 715 1203 γὰρ
738 1127 847 1204 πρῶτοι
866 1121 1147 1207 παραπηδήσαντετ]
1167 1119 1294 1183 Scilicet
1311 1117 1333 1181 ii
1354 1118 1394 1181 de

349 1222 463 1308 quibus
477 1222 598 1286 dictum
613 1229 662 1286 eet
677 1221 754 1288 (ian.
767 1222 825 1286 IX.
842 1223 902 1286 hoc
917 1229 967 1286 eet
981 1222 1063 1286 iaici.
1088 1223 1250 1285 Hinnum.
1290 1222 1394 1284 Inter-

349 1331 496 1406 pretatue
510 1346 585 1388 vero
599 1333 649 1390 eet
664 1323 895 1402 Tillemontiue,
910 1326 1070 1389 Mennim
1087 1325 1259 1389 Ecclesiae.
1275 1329 1353 1386 tom.
1365 1342 1393 1382 v.

349 1449 420 1512 pag.
436 1445 505 1511 192.
521 1427 570 1490 ed.
588 1426 717 1490 Bruxel.
740 1427 780 1492 de
801 1428 863 1492 illie
885 1430 939 1513 qui
961 1428 1089 1492 ineunte
1106 1438 1204 1513 atque
1225 1424 1395 1510 incipiente

349 1529 440 1615 quasi
463 1530 578 1593 ardore
597 1530 784 1608 vexationis,
801 1531 980 1616 spectaculo
999 1542 1175 1606 martymm
1196 1525 1396 1601 inflammati,

349 1654 463 1718 pugnae
475 1654 544 1696 eece
552 1633 784 1710 commiserant,
795 1656 896 1717 neque
907 1633 1024 1698 idcirco
1035 1655 1056 1696 a
1068 1635 1167 1697 Petro
1175 1630 1302 1716 culpati.
1332 1629 1396 1692 Sed

348 1733 453 1798 minus
468 1733 593 1798 firmum
608 1735 668 1798 hoc
685 1735 761 1798 mihi
777 1736 903 1819 quidem
920 1736 1062 1808 videtur,
1085 1744 1193 1818 atque,
1208 1733 1306 1796 laicos
1326 1739 1397 1796 tan-

350 1843 420 1898 tum
440 1834 490 1899 his
504 1835 608 1899 verbis
622 1836 789 1922 designari,
806 1858 870 1900 non
891 1836 975 1900 inter
997 1836 1064 1899 haec
1079 1834 1223 1899 excusari
1242 1834 1320 1897 item
1335 1833 1396 1895 cle·

352 1936 443 2014 ricos,
456 1958 493 1999 eo
509 1937 610 2021 magis
624 1959 696 2001 cum
709 1937 878 2001 Harduino
889 1938 1089 2010 credendum,
1101 1937 1185 2020 quod
1200 1935 1396 1998 consuetudo

350 2036 565 2102 ecclesiastice
579 2037 675 2102 laicos
690 2061 710 2103 a
724 2038 808 2103 clero
828 2038 860 2101 in
880 2038 930 2101 hie
950 2038 1053 2103 cannis
1068 2037 1288 2122 distingueret,
1304 2034 1396 2121 quid-

352 2139 427 2224 quid
443 2138 483 2203 de
505 2139 573 2225 ipso
596 2140 655 2205 hoc
671 2141 703 2205 S.
718 2142 816 2205 Petro
838 2141 967 2205 clericos
981 2141 1087 2225 lapeoe
1104 2140 1136 2202 in
1157 2139 1325 2225 pristinum
1347 2160 1398 2201 or-

352 2240 457 2306 dinem
472 2243 643 2328 recipiente
658 2244 810 2329 ecriptum
826 2250 916 2308 extet
935 2245 1021 2328 apud
1038 2243 1262 2328 Epiphanium,
1277 2243 1397 2305 Hoeroe.

352 2343 596 2422 Μαῖυιίαυοιυιυ,
615 2367 645 2411 n.
660 2364 690 2408 2.
705 2355 739 2410 et
753 2365 785 2431 3.
831 2346 895 2409 Pro
920 2345 1017 2431 lapsis
1042 2345 1146 2408 Deum
1172 2365 1273 2421 orare,
1300 2343 1398 2407 etiam

351 2453 426 2510 ente
440 2447 727 2513 reconciliationem
743 2470 814 2513 cum
829 2449 961 2513 ecelesia
970 2449 1100 2515 factem,
1114 2449 1173 2511 hoc
1185 2446 1313 2510 Oenone
1327 2467 1398 2531 per·

352 2548 483 2614 missum
498 2571 536 2615 ae
550 2574 629 2636 pene
640 2551 764 2637 jussum
779 2558 840 2628 eet,
856 2552 943 2638 quod
954 2551 1080 2638 quidem
1093 2549 1290 2616 Baleamonia
1305 2549 1398 2612 docet

267 2730 272 2743 1
353 2652 577 2738 interpretatio
586 2656 738 2731 5-cdroic
751 2679 784 2719 τε
799 2658 921 2735 δοθῆναι
935 2657 1047 2737 ἄφεσιν
1061 2658 1141 2736 παρὰ
1155 2658 1208 2718 τοῦ
1225 2656 1308 2717 Θεοῦ
1320 2649 1399 2729 ε’ξαι-

354 2753 494 2833 τήσομεν,
511 2756 559 2818 καὶ
573 2762 636 2823 τοῖς
650 2758 755 2823 ἄλλοις
770 2764 831 2825 τοῖς
844 2756 1056 2829 ἐκπεπτωκόσι,
1073 2757 1121 2820 καὶ
1134 2760 1210 2835 μετὰ
1229 2760 1330 2830 ταῦτα,
1346 2754 1400 2833 τὴν

353 2855 472 2934 πλάνην
482 2855 757 2935 ἀνακαλεσαμέυοις
767 2856 1030 2940 καὶὸμολαγήσασι
1040 2858 1272 2935 τῆυεῦσεβείαυ,
1282 2882 1400 2938 συγκοι-

353 2954 537 3035 νωυήιτομεν.

400 3057 481 3121 lbid.
505 3057 540 3123 ἓν
559 3064 599 3146 τῷ
621 3060 786 3141 βράσματι]
813 3058 979 3123 Baleamo:
1011 3059 1105 3141 ἤγουν
1128 3058 1163 3123 ε’ν
1185 3062 1220 3147 τῇ
1244 3061 1320 3140 ἀκμῇ
1346 3065 1399 3123 τοῦ

355 3164 484 3242 διωγμοῦ
499 3161 662 3243 ἱστάμενοι.

402 3263 484 3327 Ibid.
507 3265 527 3329 l.
547 3266 595 3329 18.
621 3264 840 3349 ἐμβλέποντες]
873 3263 926 3329 Sic
952 3264 1082 3350 quinque
1107 3266 1193 3330 codd.
1221 3266 1311 3330 Bodl.
1341 3287 1400 3351 pro

354 3366 433 3431 odito
446 3364 623 3446 βλέποντες.

401 3469 484 3533 lbid.
502 3471 756 3559 ὖποσυρομένουτ]
771 3469 856 3535 'Auri
870 3474 922 3534 τοῦ
936 3470 1163 3551 κλεπτομέυους,
1180 3473 1399 3553 ἀπατωμένους,

359 3573 407 3636 καὶ
422 3573 622 3653 ἀρνουμένων
637 3572 690 3651 τὴν
705 3572 874 3652 εὐσέβειαν.
913 3574 986 3636 Ηοο
1001 3574 1155 3637 Zonaras.

401 3675 439 3737 P.
448 3676 501 3759 38.
514 3673 534 3737 l.
551 3694 574 3739 ι.
590 3676 903 3759 ὑπερθερμαιυόμενοι]
923 3674 974 3738 Ex
984 3698 1048 3739 uno
1058 3677 1157 3740 codice
1168 3680 1242 3761 625.
1256 3676 1399 3741 Rawlin·

354 3776 478 3839 micae
488 3776 521 3839 in
531 3774 682 3842 Biblioth.
694 3777 868 3841 Bodleiana
881 3786 1007 3842 servato
1021 3778 1080 3842 hoc
1092 3780 1260 3844 restituere
1271 3780 1401 3843 verbum

357 3898 416 3962 pro
429 3878 510 3941 edito
524 3880 807 3959 ὑποθεμμαιυόμενοι
825 3900 922 3942 ausus
939 3901 1019 3943 eum.
1064 3882 1250 3961 Πυροάμευοι
1264 3878 1318 3959 τὴν
1333 3906 1401 3961 καρ-

356 3982 423 4042 δίαν
438 3978 691 4064 interpretentur
705 3980 849 4043 Zonaras
866 3989 899 4044 et
919 3979 1077 4055 Baleamo,
1093 3988 1127 4045 et
1146 3982 1267 4045 incitati
1287 3980 1402 4045 Latine

357 4079 454 4143 vertit
478 4080 658 4145 Gentianus
679 4082 851 4145 Hervetuu.
895 4082 970 4145 Vox
990 4084 1289 4165 ὕπερθερμαινόμεναι
1308 4082 1401 4148 alteri

355 4182 597 4262 ὖπεραιρόμενον,
613 4204 683 4269 quae
700 4181 842 4267 proxime
857 4184 1010 4269 sequitur,
1023 4185 1112 4269 quasi
1125 4186 1322 4267 ἀντίστροφος
1332 4208 1402 4251 esee

356 4283 489 4350 videtur.
