3242 5150
270 437 301 499 S.
323 434 452 498 DION.
478 435 628 498 ALEX.
653 435 1166 499 EXCERP.NICET1ANA.
1195 437 1256 497 441

208 609 326 686 αι’ντοῦ·
369 606 469 685 ἀλλὰ
501 608 689 704 διαμείνας,
723 617 739 662 ⁸
751 611 799 689 ὡς
832 613 1060 708 μαρτυρεῖται
1093 605 1163 685 ὑπὸ
1195 613 1259 684 τοῦ

209 747 315 837 Θεοῦ,
335 740 528 838 ἄμεμπτος,
548 739 637 839 μήτε
656 740 715 820 διὰ
733 740 799 839 τὴν
823 740 1041 821 ἀνύποιστον
1061 740 1182 837 νόσον,
1201 743 1259 817 καὶ

233 875 244 898 ἲ
278 877 288 900 ³
324 873 334 900 Ι
525 878 536 904 λ
564 876 573 900 C
723 873 733 902 b
771 875 789 905 ΡΙ
894 877 903 900 Ι
970 873 981 899 b
1038 877 1049 902 2
1113 872 1124 901 ἱ
1183 872 1194 897 Ι

208 909 250 952 το
269 908 467 973 αιαρκεστον
481 909 538 954 και
558 885 753 979 ολοσχερες
767 885 872 960 ελκος
884 878 1014 972 ενδοιις,
1029 883 1129 954 ολλα
1140 908 1259 953 ποντα

210 1007 382 1098 ὑποστὰς,
404 1010 462 1088 ἵνα
480 1010 503 1108 ἡ
521 1013 601 1111 περὶ
621 1007 730 1088 αὐτὸν
748 1014 920 1112 τελειωθῇ
939 1017 1002 1088 τοῦ
1023 1009 1157 1110 Κυρίου
1169 1007 1259 1110 πρό-

185 1164 298 1240 5νοια,
324 1147 382 1223 καὶ
411 1147 543 1229 δίκαιος
567 1147 748 1250 ἀναφανῇ·
779 1143 881 1225 οὗτος
913 1143 1020 1244 γέρας
1050 1150 1176 1220 τοῦτον
1201 1144 1259 1220 καὶ

210 1276 325 1358 ἆθλον
344 1279 535 1377 λαμβάνει·
567 1276 722 1382 ι’Λήίτιμ
744 1280 868 1382 φησὶν,
889 1272 998 1354 αι’ντὸν
1020 1280 1152 1354 δοῦλον
1173 1274 1258 1353 airi-

210 1445 295 1509 νιον,
312 1412 426 1518 παίξῃ
444 1410 483 1491 δέ
501 1413 596 1518 αὐτῷ
615 1408 740 1513 ὥσπερ
757 1413 863 1519 ὀρνιρ.
909 1425 1024 1486 Extant
1037 1427 1099 1486 bec
1112 1415 1143 1484 iii
1157 1447 1219 1505 cap.
1232 1445 1259 1484 a.

210 1566 276 1625 pag.
289 1547 338 1623 96.
354 1547 398 1606 cd.
415 1547 507 1607 lunii.

211 1667 369 1733 henaibilis,
390 1668 478 1744 juxta
499 1669 555 1726 Dei
578 1669 709 1728 testimo.
760 1679 842 1728 retur
856 1679 887 1728 et
904 1669 1003 1746 juatua
1019 1678 1183 1748 appareret,
1197 1688 1260 1726 om.

167 1748 291 1806 ionium
314 1749 452 1826 perstitit,
475 1769 570 1826 neque
591 1761 709 1828 propter
759 1750 809 1807 nia
832 1769 986 1828 perpesaua
1009 1759 1054 1806 eat
1066 1771 1074 1818 ;
1106 1759 1194 1826 atque
1218 1749 1260 1806 ita

211 1828 342 1886 morbum
366 1829 588 1896 intolerabilem,
609 1840 640 1888 et
664 1830 708 1887 ul·
759 1829 843 1887 illum
853 1840 990 1906 tauquam
1005 1849 1113 1888 manua
1126 1839 1260 1887 etcertu-

211 1927 262 1965 cua
276 1907 496 1976 immedicabile,
512 1909 589 1986 quod
604 1930 709 1986 corpus
759 1910 847 1968 miuia
869 1911 1022 1988 proemium
1042 1919 1181 1988 reportat,
1201 1912 1258 1966 Ac·

212 1988 378 2046 universum
407 1988 588 2067 depascebat,
615 1991 708 2049 eidem
759 1993 855 2068 cipiet,
871 1990 977 2067 inquit,
990 2010 1051 2048 eum
1065 2009 1175 2047 amam
1188 2008 1259 2047 aem-

211 2068 307 2134 ceseit,
322 2068 372 2128 aed
394 2079 428 2128 ut
448 2069 501 2128 Dei
524 2090 593 2148 erga
613 2070 708 2150 ipsum
757 2070 898 2150 piternum
908 2093 923 2136 ;
945 2071 1026 2129 lurica
1048 2079 1141 2128 autem
1166 2073 1194 2126 ὶιι
1218 2089 1258 2133 eo.

166 2165 200 2227 15
211 2148 394 2227 providentia
413 2149 498 2208 finem
521 2171 605 2210 auum
624 2152 708 2210 eorti-
759 2154 831 2209 sicul
845 2151 902 2210 σοι’.

713 2325 761 2387 ΙΙ.

268 2433 371 2520 Εἶδες
389 2434 446 2514 οἷα
463 2439 543 2538 περὶ
562 2442 657 2515 Θεοῦ
677 2436 773 2537 λέγει
792 2437 813 2513 ὃ
831 2436 1002 2538 μακάριος
1016 2435 1113 2529 Ἰώβ·
1132 2433 1259 2515 πολλὰ

212 2570 285 2673 γὰρ
303 2569 394 2649 κατὰ
417 2569 524 2671 μέρος
547 2569 752 2655 ἐπιθειάσας
777 2569 885 2650 αὐτὸν
910 2575 968 2649 καὶ
996 2567 1261 2676 δοξολογήσας,

212 2706 325 2787 πάλιν
342 2705 767 2812 συγκεφαλαιωσοίμενος,
786 2706 867 2810 ἔφη,
890 2704 959 2785 i‘O
977 2712 1089 2786 ποιῶν
1106 2705 1262 2806 μεγάλα,

214 2844 272 2920 καὶ
290 2840 554 2946 ἀνεξιχνίαστοι,
573 2839 701 2947 ἔνδοξοί
715 2875 753 2919 τε
772 2845 830 2921 καὶ
848 2842 1001 2949 ἐξαίσια,
1019 2838 1069 2920 ὧν
1086 2842 1149 2919 οὐκ
1163 2839 1263 2919 ἔστιν

168 2972 375 3078 οοάριθμός.
401 2982 430 3055 εἰ
450 2973 598 3078 γὰρκαὶ
622 2978 859 3079 ἀναρίθμητος
879 2979 899 3054 ὁ
922 2977 1071 3079 ἀριθμός
1088 2978 1183 3072 ἐστι,
1205 2979 1264 3054 καὶ

215 3108 317 3192 τέλος
345 3107 444 3188 οὐδέν
472 3108 577 3213 ἴσχει,
596 3108 795 3216 ἐπαύξησιν
820 3113 873 3188 ἀεὶ
895 3112 952 3189 καὶ
976 3106 1189 3211 προσθήκην
1215 3115 1263 3192 είς

214 3242 339 3322 ἑαυτὸν
365 3240 562 3357 δεχόμενος,
590 3245 643 3323 ἐπ’
675 3241 821 3345 ἄπειρόν
853 3277 891 3321 τε
923 3242 1259 3345 καταριθμούμενος·

214 3378 299 3456 ἀλλ’
327 3376 558 3481 ὑπερβάλλει,
581 3382 686 3483 φησὶ,
711 3378 907 3475 σύμπαντα
932 3376 996 3458 τὸν
1021 3376 1265 3484 ἀδιεξόδεντον

214 3514 365 3613 ἅριθμον
378 3510 424 3591 τὰ
438 3512 526 3616 ἔργα
537 3521 600 3592 τοῦ
612 3518 717 3593 Θεοῦ·
740 3520 769 3592 εί
781 3512 820 3592 δὲ
831 3512 876 3592 τὰ
891 3513 988 3617 ἔργα,
1000 3512 1107 3619 πόσῳ
1118 3518 1264 3611 μᾶλλον

168 3686 183 3723 2
186 3680 203 3742 5
214 3648 319 3732 αὑτός
333 3683 342 3743 ;
376 3646 396 3726 ὃ
414 3648 486 3752 γάρ
498 3651 599 3728 έστιν
617 3648 805 3753 ἀνέφικτον
818 3652 926 3728 παντὶ
939 3650 998 3726 καὶ
1016 3644 1262 3746 ἀτελεύτητον,

258 3799 367 3859 Vidisti
383 3820 513 3877 quoeuam
532 3800 568 3858 de
588 3800 654 3858 Deo
667 3799 710 3857 di·
763 3798 1263 3879 liu,glorioraqueetmirabilia‚quo·

214 3894 260 3942 cat
278 3880 381 3939 beatus
402 3880 497 3939 Jobua
506 3903 516 3951 ‚·
539 3900 605 3939 cum
623 3880 713 3958 pluri·
763 3900 825 3938 rum
839 3900 895 3939 αοα
909 3888 950 3939 eal
965 3899 1107 3937 nummus.
1150 3879 1263 3950 Quam.

215 3965 269 4022 bua
291 3961 414 4019 enimet
432 3960 627 4039 particulatim
648 3980 712 4018 ver·
763 3961 807 4019 vis
820 3962 898 4020 enim
913 3978 1052 4017 uumerus
1070 3959 1109 4017 ait
1129 3959 1261 4018 innume-

215 4044 259 4101 bia
273 4059 339 4099 eum
359 4040 522 4107 extulisset,
543 4052 572 4100 et
590 4040 711 4118 gloriam
764 4041 870 4107 rabilis,
892 4054 923 4100 et
944 4040 1155 4098 incrementum
1180 4039 1261 4096 addi-

167 4123 279 4199 3oejus
302 4120 483 4186 celebrasset,
504 4124 610 4180 iterum
634 4141 713 4179 aum.
764 4123 932 4199 tionemque
956 4120 1127 4184 admittens,
1149 4118 1263 4175 nullum

217 4201 316 4260 mutim
326 4213 432 4259 cuncta
441 4201 619 4279 complexus,
628 4201 713 4267 dixit,
765 4201 852 4259 finem
873 4203 987 4265 babeat.
1009 4220 1043 4258 ac
1063 4200 1094 4257 iu
1115 4198 1262 4255 inlinitum

219 4278 359 4357 Quisccit
373 4300 477 4358 magua
493 4291 519 4339 ct
532 4281 714 4359 investigabi.
765 4281 910 4340 numerari
932 4279 1022 4359 poaait
1031 4302 1041 4350 ;
1067 4277 1263 4342 nihilominus,

316 4398 398 4447 alab.
410 4399 425 4447 i.
439 4400 462 4448 8.
546 4405 548 4409 ’
609 4398 731 4449 hlabxl.
745 4412 785 4460 23,
798 4414 837 4459 ²4·
994 4397 1112 4445 ¹Job.ix.
1127 4410 1166 4443 ιο.

260 4500 326 4543 vou.
343 4500 384 4541 ις.
713 4498 732 4563 3
750 4502 768 4542 a
