3242 5150
477 415 485 423 ’
506 426 539 490 S.
564 427 752 492 PETRUS
776 428 923 493 ALEX.
1196 431 1239 498 47

239 593 358 678 Ὅθεν
383 600 442 677 καὶ
470 600 491 677 ὁ
520 596 779 700 εὖαγγελιστὴς
810 597 975 699 ἀληθεύει
1006 599 1136 702 λέγων·
1172 599 1238 680 ῐὈ

187 734 314 836 Λόγος
341 732 444 840 σὰρξ
466 733 616 834 ἐγένετο,
645 736 705 817 καὶ
737 733 945 834 ἐσκήνωσεν
973 737 1012 815 ἐν
1035 735 1130 834 ἡμῖν
1158 732 1239 815 τότε

187 866 372 969 δηλονότι,
391 870 454 974 ἀφ’
475 870 517 950 οὗ
536 869 556 947 ὃ
576 867 732 971 ἅγγελος
752 869 950 970 ἠσπάσατο
967 868 1033 970 τὴν
1050 868 1240 973 παρθένον,

186 1002 315 1084 εἰπών·
343 1008 484 1108 uXaipr
502 1005 773 1108 κεχαριτωμένη,
793 1007 814 1085 ὁ
834 1005 965 1108 Κύριος
982 1004 1074 1105 μετὰ
1091 1013 1172 1088 σοῦ.
1197 1003 1241 1085 τὸ

158 1135 276 1240 ςγὰρ,
295 1138 315 1216 ὁ
336 1136 468 1240 Κύριος
485 1136 576 1236 μετὰ
593 1145 675 1234 σοῦ,
694 1146 757 1220 νῦν
781 1141 882 1219 ἐστὶν
906 1143 1060 1220 ἀκοῦσαι
1078 1149 1142 1220 τοῦ
1162 1145 1238 1220 Γα-

186 1272 317 1376 βρίηλ,
342 1274 421 1352 ἀντὶ
445 1273 559 1370 τοῦ,ὁ
584 1271 678 1356 Θεὸς
704 1272 824 1376 Λόγος
847 1274 939 1374 μετὰ
962 1285 1045 1356 σοῦ.
1076 1278 1241 1376 σημαίνει

187 1407 264 1511 γὰρ
278 1405 386 1487 αὐτὸν
399 1409 620 1509 γεννώμενον
632 1411 671 1488 ἐυ
682 1407 811 1514 μήτρᾳ,
826 1412 885 1488 καὶ
903 1407 1024 1512 σάρκα
1037 1409 1238 1514 γενόμενον·

188 1542 312 1626 καθὼς
329 1541 540 1645 γέγραπται,
558 1548 730 1640 ΙιΠνεῦμα
747 1540 851 1644 ἅγιον
868 1545 1099 1628 ἐπελεύσεται
1112 1548 1169 1626 ἐπὶ
1186 1543 1242 1643 σέ,

189 1679 251 1757 καὶ
275 1674 422 1774 δύναμις
440 1677 599 1782 ὑψίστου
617 1674 820 1757 ἐπισκιάσει
843 1707 918 1756 σοι·
946 1678 1000 1759 διὸ
1018 1683 1078 1760 καὶ
1094 1677 1137 1760 τὸ
1156 1714 1241 1783 γεν-

144 1813 353 1911 ιονιίμενον
371 1809 484 1914 ἅγιον,
504 1810 725 1910 κληθήσεται
743 1809 818 1896 υίὸς
836 1817 945 1892 Θεοῦ.

235 1947 299 2010 Καὶ
313 1945 406 2010 πάλιν
419 1944 484 2026 μεθ’
501 1947 596 2028 ἕτερα.

246 2064 301 2142 Ὁ
319 2062 357 2142 δέ
376 2059 469 2146 Θεὸς
482 2063 602 2165 Λόγος
614 2061 714 2166 παρὰ
727 2061 794 2164 τὴν
808 2063 935 2170 ἀνδρὸς
948 2067 1139 2164 ἀπουσίαν,
1152 2064 1243 2146 κατὰ

190 2197 376 2297 βούλησιν
393 2207 458 2278 τοῦ
474 2197 594 2278 πάντα
613 2199 807 2299 δυναμένου
825 2203 1121 2304 κατεργάσασθαι
1137 2207 1245 2297 Θεοῦ,

191 2333 342 2436 γέγονεν
367 2334 407 2412 ἐν
428 2331 548 2438 μήτρᾳ
572 2338 636 2434 τῆς
659 2335 839 2438 παρθένου
861 2335 972 2445 σὰρξ,
996 2335 1086 2438 μήτε
1111 2340 1245 2436 δεηθεὶς

149 2501 183 2560 ι5
192 2474 257 2569 τῆς
276 2467 405 2589 ἀνδρὸς
423 2470 597 2573 ἐνεργείας
620 2467 643 2570 ἢ
668 2473 878 2575 παρουσίας·
905 2473 1154 2578 ἐνεργείττερον
1172 2471 1245 2577 γὰρ

192 2613 258 2685 τοῦ
278 2602 406 2709 ἀνδρὸς
430 2605 636 2704 ἐνεποίησεν
654 2605 676 2705 ἡ
694 2614 760 2685 τοῦ
782 2611 879 2686 Θεοῦ
897 2605 1054 2706 δύναμις,
1077 2606 1241 2688 ἐπισκιά-

193 2744 365 2845 σασατῇ
387 2739 563 2848 παρθένῳ,
582 2737 653 2819 σὺν
676 2745 728 2847 τῷ
753 2740 990 2858 ἐπεληλυθότι
1016 2744 1107 2853 ἁγίιρ
1134 2746 1242 2825 πνεύ·

194 2909 294 2973 tutu.
355 2890 469 2949 Extant
490 2892 551 2949 hoee
566 2892 595 2948 S.
609 2890 701 2959 Petri,
721 2892 752 2949 in
772 2892 923 2971 Epherinr
937 2893 1057 2973 Synodo
1076 2894 1197 2974 prolata,
1214 2894 1245 2952 iu

196 3015 278 3063 tomo
292 3003 383 3063 tertio
400 3002 589 3063 Conciliorum
604 3024 669 3083 pag.
682 3007 752 3081 508.
767 3004 813 3065 ed.
825 3005 952 3063 Imbboei.

154 3206 189 3247 οο
238 3184 341 3255 Quare
361 3194 391 3242 et
413 3182 600 3261 Evangelirtr
623 3202 695 3260 quo-
748 3183 823 3251 tibi,·
858 3185 974 3265 ideoque
1005 3186 1080 3265 ηιιοθ
1112 3194 1247 3244 narretur

198 3284 254 3341 que
278 3284 350 3323 verr
371 3263 517 3342 praedioet
542 3263 611 3322 dum
635 3264 677 3322 ait
686 3286 696 3333 ;
748 3285 783 3323 επ
797 3273 825 3323 te
837 3274 976 3332 sanctum,
988 3266 1136 3325 vocabitur
1151 3266 1247 3325 Filius

199 3344 237 3403 Et
251 3344 369 3404 verbum
389 3365 458 3404 caro
465 3342 584 3422 sactum
605 3351 657 3411 ert,
671 3352 697 3403 et
749 3345 818 3403 Dei.

198 3424 340 3483 habitavit
355 3425 384 3483 in
399 3424 489 3483 notis.
528 3424 606 3481 Tum
617 3424 697 3483 vide·
785 3430 1079 3503 Etprucirinteq'ectir
1090 3448 1208 3485 rursum.

198 3504 484 3583 lioet,cumrngelur
497 3505 637 3582 virginem
653 3525 697 3563 αι-
790 3504 871 3561 Deur
894 3515 991 3563 autem
1017 3503 1150 3561 Verbum
1175 3503 1248 3563 citra

157 3592 189 3652 25
199 3585 307 3645 lutavit
318 3586 436 3655 dicenr;
458 3585 519 3643 Ave
526 3590 624 3664 gratia
636 3584 698 3663 pie.
748 3582 804 3641 viri
839 3585 1054 3649 commercium,
1090 3584 1158 3650 Dei,
1196 3585 1247 3660 qui

200 3688 247 3733 na,
270 3667 417 3725 Dominus
438 3674 538 3731 tecum.
564 3666 619 3724 hoc
643 3676 697 3731 ert,
748 3662 865 3741 quidvis
885 3665 997 3723 efficere
1018 3674 1124 3743 potent,
1146 3663 1249 3723 volun·

200 3746 256 3805 Dei
272 3746 406 3806 Verbum
418 3756 515 3805 tecum
529 3756 583 3804 est.
618 3745 698 3804 Nam
748 3755 810 3802 tate
827 3744 858 3801 in
875 3744 997 3822 virginis
1012 3753 1098 3802 utero
1116 3745 1249 3803 iucarna-

199 3826 249 3885 illa
267 3826 414 3885 Gabrielir
435 3824 581 3892 salutatio,
600 3825 698 3883 Deum
749 3835 813 3882 tum
838 3836 893 3893 ert,
918 3824 972 3882 riri
1000 3825 1170 3903 operatione
1197 3835 1250 3883 aut

202 3904 333 3966 Verbum
348 3907 379 3964 in
398 3916 483 3964 utero
500 3907 632 3983 virgineo
648 3924 699 3963 na·
750 3904 950 3983 prterentiaad
960 3906 1016 3965 hoc
1023 3904 1142 3963 minime
1153 3904 1249 3982 requi·

158 3994 193 4050 30
202 3996 274 4057 tum,
297 3998 328 4046 et
353 4006 467 4045 curnem
493 3988 602 4046 iactum
628 3986 698 4044 inri-
750 3984 815 4044 rita.
858 3986 915 4044 Dei
932 4005 1058 4064 namque
1076 3984 1171 4043 virtut
1190 3986 1248 4042 vir-

202 4078 282 4125 nuat.
327 4067 409 4125 Hinc
432 4078 463 4125 et
483 4068 624 4146 seriptum
646 4077 700 4134 ert,
750 4064 848 4142 ginem
868 4086 920 4144 per
940 4066 1069 4146 Spiritus
1089 4065 1182 4123 sancti
1199 4063 1250 4122 ad·

205 4146 331 4224 Spiritus
347 4156 465 4206 sanctur
478 4150 655 4225 superveniet
670 4146 700 4206 in
751 4158 872 4205 ventum
895 4147 1080 4212 obumbrans,
1102 4144 1166 4203 viro
1187 4144 1250 4203 effi·

204 4234 230 4283 te
242 4236 268 4286 et
277 4230 371 4287 virtut
382 4229 513 4287 alti-trimi
523 4226 701 4286 obumbrabit
751 4228 848 4286 carius
860 4238 980 4305 operata
993 4236 1047 4285 est.

305 4416 401 4465 trun.
414 4416 431 4465 i.
447 4432 484 4477 ιι.
649 4426 665 4455 ⁸
679 4414 738 4465 imo.
750 4416 765 4464 ἰ.
779 4416 818 4465 ι8.
986 4426 1002 4456 x
1015 4413 1074 4462 laur.
1085 4414 1102 4461 i.
1114 4425 1153 4474 35.
