3242 5150
342 409 393 470 IN
419 406 636 472 CONCIl.11
664 407 872 470 NEOCAES.
898 406 1129 471 CANONES.
1201 409 1262 476 191

212 581 393 664 Intorprotco
424 577 533 641 Latini
559 585 758 660 agnoscunt3
789 576 906 660 quibua
931 597 1014 642 nunc
1035 577 1138 641 addas
1163 575 1267 640 Pcdo-

213 680 300 744 lium

256 782 338 846 lbid.
363 782 383 844 l.
407 800 455 845 10.
481 782 567 864 αὐτῇ]
599 782 671 844 Hoc
695 802 821 866 quoque
845 802 904 866 pro
929 781 991 860 μετ’
1016 783 1106 860 αὐτῆς
1129 780 1268 865 prebuit

215 884 377 969 Boveregii
404 883 573 967 Synodioon
597 905 636 946 ox
658 883 765 960 codice,
789 892 826 948 ut
848 884 983 960 videtur,
1005 883 1175 948 Bodleiano
1193 902 1267 967 205.

214 989 425 1071 desumptum,
442 985 518 1048 dum
536 984 703 1049 lectionem
722 986 859 1050 alteram
872 986 949 1050 odiri
967 984 1043 1048 libri
1062 985 1269 1050 exhibebant.

214 1089 361 1152 Firmnnt
375 1093 485 1152 autern
499 1086 710 1151 mutationem
727 1097 837 1172 septem
856 1096 1013 1173 praeteroa
1032 1088 1148 1152 codices
1160 1087 1271 1172 coripti

214 1191 390 1264 Bodleiano]
406 1197 504 1275 utque
522 1190 655 1253 Iononee
681 1190 878 1254 slmioctcnuc
894 1192 1013 1254 MStru.
1058 1190 1208 1255 Ceterum
1227 1191 1269 1254 ad

213 1314 304 1356 oram
326 1291 473 1356 editionis
496 1312 585 1355 uovae
613 1292 820 1356 conciliorum
845 1293 1025 1357 Manciam
1050 1292 1192 1378 positum
1220 1303 1271 1358 cat

215 1395 477 1476 προσκαθινθῆσαι
492 1414 551 1478 pro
567 1398 818 1475 συγκαθευδῆσαι.

263 1495 301 1558 Ρ.
321 1495 387 1559 182.
403 1494 425 1558 l.
442 1515 489 1559 ιι.
504 1495 562 1558 ὑπὸ
574 1499 625 1572 τῆς
636 1493 910 1579 χάριτοςέρῤύσθη]
926 1495 1054 1579 Optima
1067 1501 1162 1559 notat
1172 1494 1270 1560 Joan.

218 1596 405 1660 Johnsonua
430 1598 471 1660 ad
497 1596 666 1681 Anglioam
695 1618 785 1660 suam
816 1598 973 1660 Uononem
1005 1597 1185 1672 Venena,
1212 1595 1272 1661 Ga-

220 1720 334 1762 nonem
358 1698 441 1761 hunc
463 1699 565 1784 magis
586 1700 628 1763 ad
651 1699 841 1775 doctrinam,
854 1706 892 1763 ut
915 1699 1099 1784 loquuntur,
1114 1721 1207 1782 quam
1228 1700 1272 1764 ad

221 1800 418 1885 disciplinam
444 1801 623 1885 pertinere;
648 1801 707 1865 nisi
729 1809 859 1866 cautum
881 1801 957 1865 illud
980 1823 1018 1865 eo
1041 1801 1138 1866 fuisse
1164 1801 1272 1867 exiati·

219 1924 353 1979 memus,
368 1919 404 1967 ut
418 1925 511 1967 nemo
525 1903 726 1968 fornicationi
749 1904 917 1989 patrandae
937 1903 1130 1987 cogitatione
1144 1909 1273 1966 tautum

220 2006 373 2083 intentus,
388 2005 429 2069 ab
450 2005 504 2069 illa
518 2015 627 2071 tamen
647 2014 802 2082 servatus,
817 2005 859 2069 ad
875 2005 1096 2090 poeniteutiam
1111 2004 1272 2069 eccleciae-

221 2107 319 2172 tiocm
334 2106 583 2191 compelleretur,
599 2107 721 2173 etiamsi
738 2107 786 2171 vel
801 2115 876 2171 actu
895 2107 1013 2190 aliquo,
1028 2106 1077 2169 val
1097 2127 1156 2170 aua
1174 2105 1274 2190 ipciua

222 2209 428 2285 confessione,
439 2216 551 2274 notum
563 2217 647 2274 esset
659 2209 856 2296 propositum
869 2209 947 2294 ejus.
975 2208 1028 2271 Sic
1039 2208 1101 2272 ille.
1128 2208 1274 2272 Zonaras

222 2317 330 2375 autem
346 2311 379 2374 in
396 2313 554 2375 Omnmenl.
572 2311 613 2375 ad
630 2312 713 2375 hunc
725 2313 885 2377 Cononem
901 2311 933 2375 S.
947 2309 1099 2374 Basilium
1116 2307 1164 2371 M.
1180 2308 1274 2372 affert

223 2413 272 2476 vel
292 2413 454 2498 incipienti
480 2413 597 2478 delicto
621 2414 746 2479 debitae
769 2436 880 2499 poenna
902 2413 934 2476 in
961 2433 1081 2476 canone
1104 2433 1162 2476 suo
1178 2433 1272 2474 cxxx.

223 2515 429 2602 irrogantem.
474 2515 527 2581 Itn
542 2523 611 2593 een
639 2533 672 2581 at
692 2527 779 2583 certe
794 2538 886 2582 nemo
900 2536 1039 2599 unquam
1059 2523 1126 2579 tam
1146 2534 1274 2578 severus

224 2618 294 2693 luit,
325 2627 362 2683 ut
394 2619 573 2703 hujusmodi
607 2628 772 2704 peccmum
807 2618 1030 2683 tantummodo
1063 2617 1170 2680 animo
1203 2637 1274 2700 pro

224 2720 363 2805 positum
382 2721 604 2785 vindicandum
626 2723 738 2785 cadom
760 2743 855 2807 poenn
879 2727 1033 2795 censeret,
1055 2740 1094 2783 ao
1118 2718 1275 2783 debeatur

226 2822 254 2885 ei
278 2823 383 2907 reipsa
404 2823 553 2886 admisso.
599 2823 728 2888 interea
752 2823 902 2887 nonnulla
931 2822 973 2887 od
998 2821 1125 2885 initium
1151 2820 1274 2905 peccati

226 2925 413 3009 spectantia,
429 2925 544 2990 iterum
560 2933 658 3010 atque
674 2928 788 2990 iterum
809 2927 916 2989 animo
932 2924 1093 3000 volvendo,
1108 2922 1275 2987 admonuit

227 3026 407 3091 Matthaeua
421 3026 584 3091 Blastares
598 3028 630 3091 in
648 3028 844 3114 Syntaprnote
859 3028 921 3093 Lit.
935 3029 983 3090 11.
998 3048 1068 3111 cup.
1081 3026 1141 3089 xvi.
1158 3048 1190 3110 p.
1202 3044 1274 3106 2²4

226 3129 312 3213 apud
333 3128 547 3213 Bcveregium.
592 3129 779 3194 Harduinus
794 3131 929 3214 denique
946 3129 978 3193 in
998 3149 1099 3213 marg.
1118 3127 1194 3191 edit.
1209 3149 1276 3191 auoe

229 3230 429 3295 comunem
447 3231 597 3295 lectorem
612 3233 734 3318 relegat
749 3234 790 3298 ad
807 3233 839 3297 S.
856 3232 1070 3319 Augustiuum
1087 3228 1274 3295 Semxliii.

227 3332 276 3395 Dc
299 3331 404 3397 Verte
418 3334 556 3407 Datioi,
570 3356 639 3419 cup.
655 3353 702 3401 12.

642 3533 803 3595 CANON
830 3533 866 3594 V.

271 3644 354 3709 Ibid.
370 3644 391 3710 l.
407 3664 456 3731 13.
472 3647 506 3710 τὸ
524 3648 683 3732 Κυριακὸν]
704 3649 884 3713 Articulum
898 3645 1007 3711 addidi
1019 3668 1060 3709 ex
1074 3644 1172 3712 tribuo
1180 3646 1278 3731 mip-

229 3742 269 3806 to'a
297 3747 347 3809 26.
379 3752 412 3808 et
447 3766 456 3807 ι
463 3746 516 3829 58.
540 3754 574 3810 et
602 3764 673 3831 205.
716 3749 914 3831 Zonaraeque
942 3745 1207 3830 interpretatione
1235 3745 1277 3809 ad

231 3845 340 3909 Basilii
358 3848 404 3910 M.
416 3848 516 3932 Eprct.
535 3850 695 3914 eamne
709 3851 869 3916 Uononem
886 3850 971 3913 XX.
984 3849 1039 3913 ubi
1060 3849 1128 3928 haec
1149 3848 1277 3913 Noooae-

230 3946 415 4011 aarionaium
432 3948 575 4013 Zonarns
589 3952 709 4017 attulit.

276 4046 357 4111 lbid.
371 4048 392 4112 l.
407 4070 453 4129 ¹4·
472 4052 569 4137 φανῇ]
596 4051 690 4137 Vulpo
704 4053 796 4117 abest
811 4057 894 4141 φανῇ
908 4060 985 4117 ante
996 4050 1182 4133 ἁμαρτάνων,
1195 4048 1281 4133 quod

232 4148 344 4233 legisse
355 4158 464 4213 tamon
473 4152 622 4215 Ioannem
632 4155 770 4218 Antion.
783 4156 908 4220 notavit
917 4155 958 4218 nd
970 4175 1070 4237 marg.
1084 4150 1280 4215 Harduinue.

235 4250 312 4315 uum
337 4272 411 4314 vero
432 4260 559 4317 extaret
581 4254 710 4319 verbum
731 4257 763 4320 in
779 4256 957 4321 Bodleiano
977 4252 1126 4318 codicibuu
1146 4250 1282 4317 oecion

231 4359 350 4435 praeter
371 4352 447 4417 door
464 4353 535 4418 illos
557 4356 627 4439 158.
650 4363 684 4420 et
705 4377 776 4439 205.
802 4364 1089 4442 agnoscereturque
1111 4354 1153 4418 ab
1179 4354 1280 4439 Intor-
