3242 5150
451 404 725 468 CONClLIUM
749 405 1012 473 ROMANUM.
1187 415 1252 477 285

202 581 351 637 curantes
367 595 463 659 quam
481 574 573 640 multi
589 584 693 641 essent
713 576 757 640 illi
776 578 927 664 episcopi,
942 588 1000 645 aut
1017 582 1101 646 nude
1115 582 1252 661 codecti,

202 699 282 761 quos
296 677 447 742 videbant
460 685 556 743 tanta
574 680 758 744 temeritate
773 689 924 756 ooeoatos,
939 689 977 748 ut
999 683 1032 747 iu
1050 685 1200 750 absentes
1219 693 1254 750 et

201 799 265 841 non
281 778 497 865 interrogatos
508 779 654 867 collegas,
666 791 735 847 tam
749 783 930 869 praecipites
944 784 1099 850 auderent
1113 786 1256 870 proferre

202 881 387 944 sententias.
433 881 479 946 Et
501 891 609 948 tamen
632 884 734 968 qualis
757 885 857 970 ipsius
881 885 969 950 beati
994 885 1185 952 Melchiadis
1207 888 1253 952 ul-

203 981 284 1046 tima
304 991 355 1046 est
376 982 503 1067 prolata
524 985 694 1060 sententia,
710 971 806 1070 quarn
827 987 987 1062 innocens,
1003 1007 1097 1070 quam
1119 987 1254 1073 integra,

204 1106 300 1168 quam
315 1085 447 1166 provida
457 1093 556 1170 atque
571 1087 723 1171 pacifica!
739 1109 803 1172 qua
817 1110 919 1172 neque
933 1087 1080 1174 collegas,
1094 1089 1256 1174 inquibus

205 1185 282 1248 nihil
304 1187 504 1264 constiterat,
526 1189 566 1253 do
587 1188 720 1273 collegio
743 1211 801 1253 suo
826 1210 923 1254 ausus
944 1206 995 1254 est
1016 1211 1196 1264 removere:
1221 1202 1255 1258 et

205 1287 335 1352 Donato
345 1288 423 1364 solo,
435 1312 530 1374 quem
545 1290 643 1356 totius
655 1290 730 1354 mali
745 1291 918 1376 principem
930 1292 1104 1370 invenerat,
1117 1294 1256 1360 maxime

204 1389 342 1474 culpato,
371 1390 520 1456 sanitatis
545 1394 769 1478 recuperandae
795 1393 957 1478 optionem
982 1393 1114 1459 liberam
1141 1397 1256 1462 ceteris

206 1491 292 1568 lecit,
314 1500 446 1577 paratus
468 1495 766 1560 communicatorias
789 1495 915 1559 litteras
940 1496 1069 1562 mittere
1094 1498 1193 1562 etiam
1215 1499 1256 1564 iis

206 1614 286 1675 quos
305 1616 327 1657 a
341 1595 502 1679 Majorino
522 1597 686 1662 ordinatos
707 1620 776 1662 esse
795 1606 978 1675 constaret3
1000 1599 1047 1663 ita
1068 1607 1106 1664 ut
1128 1601 1256 1686 quibus·

206 1718 329 1781 cunque
342 1697 420 1762 loeis
435 1699 499 1762 duo
513 1708 619 1765 essent
634 1700 782 1785 episcopi,
799 1721 879 1785 quos
890 1700 1043 1765 dissensio
1051 1703 1257 1788 geminasset,

206 1821 278 1863 eum
301 1801 481 1865 confirmari
505 1802 607 1879 vellet,
634 1803 687 1887 qui
709 1804 821 1868 luisset
847 1803 1013 1868 ordinatas
1038 1804 1136 1888 prior,
1163 1805 1256 1871 alteri

206 1910 315 1967 autom
337 1925 446 1968 eorum
468 1904 558 1989 plebs
580 1905 644 1969 alia
668 1907 808 1991 regenda
830 1905 1061 1991 provideretur.
1100 1907 1130 1971 Ο
1153 1907 1257 1972 virum

206 2005 373 2090 optimum,
387 2028 407 2071 o
422 2004 521 2071 filium
541 2007 732 2073 Christianae
751 2007 851 2094 pacis,
866 2016 899 2072 et
921 2017 1047 2093 patrem
1067 2008 1258 2074 tlrdstianae

206 2105 327 2190 plebis!
352 2115 383 2174 S.
395 2116 557 2193 Augustini
574 2117 626 2192 Op.
641 2133 712 2176 torn.
721 2117 752 2174 ii.
766 2138 795 2196 p.
809 2136 857 2192 7²·
866 2115 937 2176 edit.
947 2115 1073 2176 Amstel.
1103 2117 1212 2176 Confer
1225 2129 1257 2176 et

206 2213 301 2288 Epist.
309 2213 427 2272 clxxxv.
443 2213 469 2288 5.
480 2231 532 2290 47.
547 2235 575 2294 p.
585 2232 654 2291 503.
670 2215 719 2274 ubi
740 2215 816 2273 hane
836 2213 1020 2272 clementiam
1041 2212 1174 2274 defendit
1193 2212 1257 2273 lan·

207 2308 314 2387 datque
328 2309 524 2388 Augustinus.

248 2431 340 2490 Extat
355 2432 489 2512 Epistola
503 2433 598 2493 brevis
612 2434 687 2512 Imp.
703 2433 889 2492 Constantini
904 2433 934 2490 in
950 2430 1147 2490 conciliorum
1168 2433 1259 2490 tonris

203 2529 351 2608 posthoc
371 2529 535 2590 Concilium
558 2532 663 2611 posito,
687 2530 724 2590 ad
745 2531 896 2610 episcopos
918 2550 955 2589 ex
977 2537 1059 2609 parte
1079 2529 1191 2587 Donati
1212 2528 1257 2588 di·

204 2641 293 2696 recta,
305 2628 412 2703 jubens
425 2627 492 2686 illos
505 2649 564 2686 nou
578 2629 615 2687 ad
629 2628 761 2687 Africam
776 2628 838 2687 litis
852 2626 1017 2705 judicanda
1032 2646 1119 2685 musa
1136 2627 1257 2694 reverti,

207 2724 258 2783 sed
273 2725 310 2783 ad
324 2726 465 2796 Brixiam,
479 2736 514 2784 nt
532 2744 593 2805 pra
611 2746 642 2785 se
661 2726 719 2784 fert
741 2724 871 2804 epistolae
885 2723 1000 2789 titulus,
1015 2722 1131 2782 eosdem
1149 2742 1257 2781 couro-

208 2842 285 2880 cans.
326 2821 466 2881 Vidimus
478 2842 595 2882 namra
610 2823 642 2883 S.
653 2823 797 2900 Optatam
813 2822 844 2881 in
862 2821 1060 2901 superioribus
1074 2842 1104 2901 p.
1117 2820 1185 2879 281.
1199 2821 1257 2879 im-

208 2919 335 2997 peratori
357 2930 526 2997 suggestum
546 2920 640 2979 fuisse
661 2940 678 2978 a
698 2921 851 2978 Filumeno
871 2920 1061 2997 suffragatore
1082 2917 1203 2985 Donati,
1224 2927 1257 2977 at

208 3016 277 3072 tono
296 3017 372 3090 pacis
395 3018 553 3075 caelum
573 3019 676 3075 Brtriae
700 3020 873 3075 retineretur.
914 3016 945 3075 A
966 3035 1023 3095 qua
1044 3015 1161 3095 quidem
1184 3016 1257 3075 urbe

209 3112 410 3172 Mediolanum
437 3115 530 3173 accito
561 3114 727 3183 Caeciliano,
751 3126 782 3173 et
803 3114 966 3174 Donatistis
996 3113 1138 3179 admissis,
1166 3113 1256 3172 Carci-

208 3209 318 3268 lianum
332 3210 611 3278 innocentissimum,
626 3210 693 3269 illos
707 3210 944 3290 improbissimos,
955 3209 1099 3288 judicavit
1112 3211 1255 3269 Constan-

208 3308 298 3365 tinus.
339 3306 419 3366 Vide
434 3306 571 3367 Morcelli
586 3307 712 3382 Africam
728 3308 913 3365 Ctmtumm
928 3306 1037 3385 volll.
1049 3326 1080 3385 p.
1092 3310 1160 3365 218.
1192 3307 1257 3366 Hoc

208 3422 278 3462 vero
290 3415 358 3483 post
369 3403 532 3462 Concilium
545 3403 725 3471 meletense,
737 3404 766 3462 in
779 3424 837 3481 quo
848 3402 995 3463 Oaeciliani
1007 3421 1092 3461 censa
1105 3403 1255 3481 agebatur,

209 3502 343 3580 contigit,
353 3512 388 3559 nt
403 3500 584 3559 Testimonia
598 3500 655 3559 fine
667 3500 789 3559 Consilii
804 3521 822 3559 a
835 3522 881 3559 me
896 3500 990 3579 posits
1000 3509 1162 3578 exponunt.
1189 3498 1256 3559 Nec

208 3608 324 3678 tempus
337 3616 391 3657 nec
405 3596 485 3657 locus
498 3596 662 3656 litterarum
677 3616 713 3656 ex
727 3597 790 3676 ipsa
802 3596 927 3673 epistola
941 3607 1033 3676 patet.
