3242 5150
333 935 791 1016 ELIBERITANUM
822 935 1166 1029 CONCILIUM.

224 1145 268 1202 IN
292 1141 486 1202 HISPANIA
502 1140 611 1198 ANTE
632 1141 818 1198 MAGNAM
840 1140 1044 1200 SYNODUM
1063 1141 1271 1204 NlcAENAM

606 1245 890 1313 CELEBRATUM,

397 1438 440 1476 ΑΒ
461 1437 642 1478 tumorum
663 1438 881 1478 concluloltuu
902 1439 1099 1478 munnulus!

426 1533 563 1574 PARIBUS
576 1534 665 1573 Auno
678 1531 754 1590 1715·
767 1533 860 1576 uum
873 1534 1067 1574 luentem.

615 1721 881 1757 4

258 1901 477 1959 CONCILIUM
497 1899 809 1958 ⁸EL113uu1TANUM
829 1899 927 1956 ιἸζΙΧ.
947 1899 1232 1962 lll’lSCOPORUM.

223 2020 289 2100 Ex
305 2037 476 2096 euoenon.
497 2036 615 2105 meon,
630 2035 760 2096 editions
780 2036 835 2094 vrri
856 2036 1015 2096 emnem
1035 2038 1146 2098 omre
1161 2039 1271 2102 nmis

222 2144 253 2192 ct
273 2132 429 2192 novissim
448 2134 547 2192 Emis.
562 2132 649 2192 Curd.
665 2132 713 2190 De
727 2131 969 2211 Quinte-quom
988 2133 1041 2194 ille
1059 2135 1187 2196 contulit
1203 2155 1271 2199 cum

221 2229 350 2308 quinque
365 2229 460 2289 MSS.
475 2229 639 2290 codioibsu:
661 2228 732 2288 item
746 2249 783 2290 ex
797 2231 972 2308 petentique
989 2231 1161 2294 collectione
1174 2233 1272 2297 Ceno·

222 2345 291 2384 num
307 2326 376 2384 MS.
391 2327 516 2404 gemino,
531 2346 596 2404 que
610 2337 655 2386 est
668 2325 700 2384 in
711 2325 846 2404 Collegic
855 2327 1010 2386 Perisiensi
1022 2329 1177 2388 Societstis
1187 2330 1270 2390 Jesu.

223 2421 259 2478 ln
274 2419 374 2489 alters,
389 2420 419 2478 in
433 2440 492 2498 qus
509 2420 657 2480 indiculus
667 2430 719 2480 >est
732 2421 911 2498 synodorum
931 2423 1028 2481 verbis
1045 2423 1138 2500 ipsius
1154 2425 1271 2494 Isidori,

221 2537 286 2597 que
299 2529 370 2578 sunt
390 2517 482 2578 relsto
494 2538 532 2579 ex
553 2529 637 2598 perte
657 2538 674 2577 u
690 2517 841 2586 Gratiano,
856 2535 901 2577 xr.
914 2518 983 2580 dist.
997 2536 1066 2578 xvi.
1081 2520 1142 2581 hec
1155 2531 1270 2585 tuntum

222 2616 360 2695 leguntur
373 2616 410 2675 de
425 2616 626 2677 Eliberitsnez
649 2615 816 2675 Concilium
835 2616 1071 2686 Hemonam,
1086 2636 1198 2677 xvrru.
1213 2624 1270 2695 epi-

221 2716 422 2789 cooperamini
443 2734 497 2788 quc
516 2717 618 2772 statuti
638 2720 702 2771 sunl
717 2712 844 2771 Conone
857 2730 971 2771 uxxxt.
1014 2712 1118 2773 Altero
1137 2714 1220 2775 sddit
1240 2718 1271 2777 in

221 2810 319 2880 titulo,
349 2820 470 2886 tempore
496 2810 686 2870 Comlontim'.
729 2808 766 2869 In
794 2808 909 2867 duobus
928 2809 1018 2867 MSS.
1047 2808 1216 2871 Alveldensi
1240 2824 1271 2873 et

223 2905 399 2985 Hispalensi,
413 2907 463 2983 qui
479 2926 557 2965 nunc
572 2917 642 2965 sunt
653 2904 846 2965 Bibliothecae
856 2903 887 2961 S.
897 2903 1061 2970 Laurentii,
1070 2904 1172 2983 scripti
1184 2908 1271 2967 umbo

224 3007 273 3075 (ut
294 3003 476 3063 amanuensis
497 3001 614 3080 quidem
638 3003 700 3081 ipse
723 3003 863 3079 testatur)
886 2998 993 3060 soeculo
1015 3001 1126 3059 Christi
1147 3001 1269 3071 decimo,

221 3100 328 3159 dicitnr
342 3100 403 3159 heo
416 3100 515 3159 habits
527 3098 656 3179 synodus
671 3102 763 3157 eodem
777 3107 900 3177 tenpore
913 3118 967 3174 quo
981 3098 1108 3157 Nicoeoo.
1147 3100 1184 3158 In
1198 3101 1270 3162 ‹luo-

220 3198 275 3255 bus
288 3196 380 3255 MSS.
396 3197 556 3263 Toletanis,
570 3196 702 3273 ejusdem
720 3198 783 3257 fere
801 3196 866 3263 evi,
880 3195 1039 3275 opponitur
1053 3195 1115 3255 Ere
1128 3214 1268 3257 cccnxrr.

220 3292 269 3371 qui
284 3303 329 3351 est
343 3312 437 3353 conus
456 3292 566 3351 Christi
584 3310 730 3351 cccxxiv.
776 3292 954 3351 Hincnssrns
973 3292 1137 3360 Remensis,
1153 3293 1268 3367 [eodem

220 3410 284 3448 ssec.
297 3409 384 3455 nono,
399 3408 459 3466 quo
470 3388 614 3465 Isidorus]
629 3390 660 3449 in
673 3408 774 3469 opusc.
789 3388 886 3449 xxxiii.
901 3408 964 3467 esp.
975 3407 1022 3447 oc.
1037 3400 1168 3449 cocetum
1184 3409 1268 3467 syno

219 3484 289 3544 dum
306 3485 398 3544 refert
416 3484 519 3545 iisdem
534 3485 721 3556 Consulibus,
735 3486 843 3564 quibus
856 3495 887 3544 et
899 3484 1060 3543 Nieoennm.
1095 3485 1269 3563 Onuphrius

220 3582 250 3639 ln
272 3581 379 3645 Fastis.
397 3582 524 3660 assignet
544 3600 652 3643 sunum
673 3598 805 3643 ccoxur.
827 3581 976 3659 quonism,
999 3581 1113 3658 opinor,
1135 3580 1269 3641 conones

219 3677 343 3737 Concilii
358 3677 549 3745 Arelatensis,
565 3678 634 3737 enni
647 3696 770 3737 cccxxv.
784 3677 872 3737 multi
886 3676 1024 3736 videntur
1033 3677 1163 3755 excerpti
1177 3676 1269 3737 fnisse

219 3794 254 3834 ex
274 3773 463 3833 Eliberitsno.
504 3774 581 3845 Qum
596 3794 682 3834 conso
695 3794 748 3833 nos
768 3775 857 3833 etism
876 3772 1004 3852 inpulit,
1018 3783 1054 3833 ut
1071 3772 1151 3833 selvo
1169 3784 1268 3835 tumen

218 3872 392 3931 auctoritate
404 3870 557 3931 Hincmeri
567 3882 598 3931 et
608 3870 702 3931 MSS.
711 3871 855 3938 codicum,
864 3890 929 3948 qne
937 3869 1025 3930 debet
1033 3870 1154 3930 hioessc
1161 3871 1267 3949 potior,

218 3968 422 4027 exhiberemus
436 3968 513 4027 *hoc
531 3968 596 4027 loco
610 3968 774 4027 Concilium
788 3968 1015 4028 Eliberitenum.
1052 3966 1126 4027 Fuit
1140 3965 1219 4026 istud
1236 3967 1268 4025 in

220 4065 329 4125 Baetics
349 4064 490 4145 oppidum
513 4066 618 4129 llilen'.
642 4068 715 4140 quod
735 4067 860 4125 Liberisi
881 4074 1000 4129 censen,
1024 4075 1059 4123 ut
1082 4066 1124 4125 nit
1144 4063 1266 4130 Plinius,

218 4161 267 4220 lib.
276 4162 317 4220 iii.
333 4172 402 4221 sect
417 4180 444 4237 3.

250 4335 265 4367 ⁸
278 4326 308 4375 ln
320 4326 394 4375 MSS.
405 4326 524 4389 plerlsqne
533 4326 705 4387 Elibertlnum,
717 4326 755 4375 sel
769 4324 943 4375 Elibertsnnm.
1010 4326 1024 4364 b
1035 4324 1125 4373 iduum
1135 4323 1266 4383 Miletum,

218 4406 391 4469 Episcoponrm
401 4420 504 4457 numero
515 4420 599 4456 xnus.
610 4406 638 4455 in
651 4408 711 4455 MS.
723 4408 790 4456 Μ.
802 4413 829 4455 ot
839 4407 867 4455 in
878 4412 965 4466 nostro,
977 4418 1074 4454 xvim.
1143 4410 1158 4439 ⁰
1170 4403 1213 4468 (ml
1224 4420 1264 4453 so.

218 4487 308 4539 chriso
321 4487 391 4551 sul
