3242 5150
291 400 342 464 IN
366 401 585 466 CANONES
609 401 855 465 ANCYRAN.
878 403 943 466 ET
970 403 1178 468 NEOCAES.
1211 406 1276 473 239

226 573 334 632 siastici
349 573 541 634 tradiderunt.
585 574 650 632 Hoc
664 583 761 634 sutem
777 593 794 631 a
808 573 993 633 Tertulliano
1006 573 1075 632 olim
1090 575 1275 636 observatum

227 679 259 728 et
283 669 451 730 demnatum
468 680 522 738 eat,
545 670 670 736 dicente,
687 673 773 730 Omne
790 680 926 746 praterea
944 675 1126 730 cunctationis
1142 680 1170 730 et
1191 678 1277 749 tergi·

225 769 385 824 versationis
398 785 467 842 erga
478 767 667 842 ponitentiom
681 770 778 825 uitium
794 769 976 844 presumptio
993 767 1159 826 intinctionis
1172 772 1275 845 impor-

227 872 279 920 tat.
324 863 402 923 Certi
416 867 486 921 enim
507 865 667 922 indubitata
684 867 768 922 oenioe
788 866 962 931 delictorum,
977 867 1094 923 mediam
1113 875 1217 943 tempus
1234 872 1276 925 in-

227 963 306 1018 terim
312 959 462 1036 serantur,
477 968 505 1018 rt
519 968 697 1018 commentum
710 964 761 1020 sibi
770 963 888 1039 faciunt
901 963 1086 1037 delinquendi.
1109 961 1224 1022 Tertul.
1240 964 1278 1024 dc

226 1056 333 1115 Poenit.
347 1076 373 1115 c.
386 1071 413 1131 5.
455 1056 505 1114 Nc
524 1056 590 1134 quis
607 1056 694 1116 ctiam
716 1056 892 1136 baptismum
912 1056 954 1115 ita
975 1056 1101 1123 differat,
1117 1059 1277 1137 Gregorius

227 1151 395 1231 Theologus
416 1151 564 1230 eleganter
584 1152 746 1221 admonuit,
767 1156 954 1225 mansam»
971 1154 1090 1227 ιήμφον,
1111 1155 1278 1232 inquitis«

225 1253 261 1322 μὴ
280 1255 369 1323 oilpsor
390 1251 549 1320 βιασθῶμεν.
571 1254 612 1307 rol
630 1252 665 1322 pt)
683 1252 873 1322 ἆναβαλῶμιθα
885 1253 932 1322 rrlr
945 1250 1096 1324 εὐεργεσίαν
1115 1252 1150 1310 ier
1166 1253 1276 1319 ἀδικίαν,

224 1348 290 1418 μηδὲ
303 1337 474 1418 ἀναμείνωμεν
486 1351 578 1403 πλεῖον
592 1349 714 1421 γενέσθαι
726 1350 808 1416 κακοὶ,
822 1347 864 1404 iro
876 1351 969 1403 πλεῖον
982 1350 1201 1422 αυγχαρηθὸμιν,
1212 1352 1277 1420 μηδὲ

225 1445 358 1517 γινόμεθα
376 1445 586 1517 Χριαιοκάπηλοι
605 1447 646 1501 καὶ
660 1448 864 1518 Xpsors'prropos,
878 1447 943 1516 prydd
958 1447 1144 1518 φοριισθῶμιν
1161 1446 1244 1502 πλέον
1260 1451 1277 1522 ἦ

226 1543 354 1612 δυνάμεθα
366 1545 467 1616 φέρειν,
480 1541 523 1599 ἵνα
540 1545 575 1615 pr)
589 1545 723 1620 αιίτάνδρφ
736 1547 768 1612 τῇ
782 1543 826 1613 νηῒ
842 1544 1038 1615 βαπτισθῶμιν,
1053 1544 1094 1599 eol
1110 1544 1141 1598 τὸ
1159 1544 1277 1616 χάριαμῦ

225 1639 418 1713 ναυαγήσαμιν,
440 1640 496 1696 ἀνθ’
518 1636 554 1696 alr
572 1643 604 1696 rb
625 1645 717 1697 πλεῖον
738 1639 895 1711 ἠλπίσαμεν.
929 1639 1018 1717 Grcg.
1033 1639 1110 1697 Nau.
1129 1640 1214 1698 Orat.
1226 1658 1275 1713 40.

227 1734 270 1794 Et
294 1735 394 1794 Patres
415 1736 533 1814 quidem
556 1737 806 1796 Neocmsarienaes
830 1737 886 1795 hoc
908 1735 962 1795 sibi
987 1735 1169 1814 displicuisse
1193 1735 1276 1795 lucu·

225 1831 320 1892 lenter
348 1833 418 1892 satis
444 1832 689 1900 demonstrarunt,
714 1853 750 1893 eo
771 1834 850 1911 quod
873 1834 1008 1914 presenti
1032 1853 1142 1892 cauom
1166 1835 1275 1894 consti-

225 1929 347 2000 tuerint,
362 1929 435 1990 tales
455 1931 485 1988 in
507 1933 725 2010 presbyteratus
741 1931 864 2009 grsdum
879 1950 937 1988 non
952 1928 1117 1989 evehendus
1136 1949 1208 1997 ease,
1222 1931 1275 2008 qui

224 2027 327 2085 morbo
348 2026 521 2098 laborantes,
546 2039 577 2087 et
597 2029 699 2088 mortis
723 2029 827 2088 timore
849 2027 988 2108 percussi,
1009 2026 1046 2086 ad
1068 2045 1180 2085 merum
1204 2027 1273 2106 bap·

225 2125 344 2184 tismum
359 2144 390 2183 se
403 2123 601 2184 contulerunt.
637 2125 705 2184 Hoc
718 2136 818 2185 autem
832 2145 891 2185 non
902 2145 1010 2184 novum
1022 2133 1084 2182 erat
1094 2122 1274 2190 institutum,

225 2219 276 2279 sed
289 2220 367 2298 quod
381 2219 467 2299 longe
480 2232 565 2280 antec
578 2223 720 2281 sancitum
731 2223 840 2282 fuerat.
869 2221 959 2294 Quod
967 2231 1001 2278 ut
1015 2219 1110 2299 palam
1124 2219 1274 2287 iaciamus,

225 2316 383 2376 tenendum
402 2328 456 2386 est,
477 2318 676 2378 Norstianum
694 2319 863 2397 hujusmodi
885 2318 976 2378 fuisse
997 2316 1154 2375 Clinicum.
1197 2317 1273 2376 Cum

225 2413 250 2471 is
268 2412 345 2471 enim
365 2413 526 2474 adoemone
547 2425 712 2482 vexaretur,
726 2425 756 2474 et
775 2426 930 2496 propterea
942 2413 1021 2494 apud
1034 2412 1192 2473 exorcistas
1210 2434 1272 2473 ma·

224 2521 317 2582 neret,
332 2511 363 2569 iu
383 2530 499 2590 gravem
520 2511 623 2571 incidit
643 2513 787 2580 morbum,
802 2531 863 2591 qno
882 2531 913 2571 se
933 2511 1108 2569 moriturum
1128 2511 1273 2578 credebat,

224 2628 257 2667 ac
279 2607 402 2688 proinde
422 2609 453 2665 in
476 2608 549 2685 ipso,
572 2629 631 2686 qno
652 2610 815 2675 cnmbebat,
834 2608 945 2668 lectulo
967 2609 1132 2688 baptizatus
1150 2620 1213 2681 est;
1238 2621 1273 2669 ut

225 2704 380 2765 Cornelius
393 2726 468 2786 papa
487 2707 637 2765 Romanus
655 2707 686 2764 in
705 2705 837 2785 Epistola
851 2704 888 2763 ad
910 2706 1034 2765 Fabium
1053 2705 1272 2765 Antiochenum

224 2802 355 2873 tradidit,
367 2803 465 2863 dicens
480 2803 517 2863 de
531 2824 576 2874 eo,
591 2800 655 2881 glyc
668 2805 774 2879 ἀφορμὴ
787 2808 835 2860 τοῦ
849 2808 991 2859 πιστεῦσαι
1004 2804 1111 2878 ye'yorrr
1123 2807 1138 2858 d
1148 2808 1273 2870 Σατανᾶς,

224 2902 355 2975 parrionis⁸
368 2904 405 2960 elr
423 2903 501 2958 αὐτὸν
514 2904 556 2959 καὶ
574 2902 680 2973 olricus
693 2903 722 2959 ir
734 2904 804 2979 αὐτῷ
821 2905 917 2975 χρόνον
935 2903 1029 2957 kurdr·
1053 2900 1082 2960 lc
1098 2900 1274 2973 βοηθοΰμυαι

224 3000 274 3056 int
293 3005 346 3057 rubr
363 3002 532 3073 e'noprsorr'ir,
554 3004 624 3076 νόσῳ
639 3001 787 3072 παραπεσὸν
804 3002 919 3071 χαλεπῇ,
940 3000 981 3054 καὶ
998 2998 1185 3054 ἅποθακῖαθαι
1206 2997 1274 3054 door

223 3098 324 3153 οὐδέπω
337 3090 509 3170 royusdperos,
523 3098 552 3152 ἐν
564 3098 629 3165 αὐτῇ
642 3094 674 3167 τῇ
687 3094 770 3167 κλίνῃ,
784 3090 802 3167 ᾔ
815 3099 907 3161 ἔκειτο,
921 3096 1070 3169 πιριχυθιῖι
1082 3097 1114 3150 τὸ
1133 3098 1273 3166 βάπτισμα

222 3196 326 3261 notra
349 3194 428 3274 apud
447 3194 557 3253 Euseb.
579 3192 658 3251 Hist.
679 3192 792 3252 Eccles.
807 3190 856 3251 lib
871 3191 911 3249 vi.
930 3211 993 3269 cap.
1008 3209 1060 3265 43.
1103 3191 1183 3250 Hinc
1205 3211 1271 3250 cum

223 3291 278 3351 iste
302 3291 488 3350 Noratianua
511 3291 663 3371 presbyter
682 3288 861 3348 ordinandus
884 3300 958 3359 erat,
986 3289 1139 3347 universus
1166 3286 1271 3355 clerus,

222 3388 366 3467 multique
380 3408 397 3447 s
410 3388 521 3469 populo
534 3387 765 3466 refragabantur,
778 3386 917 3455 dicentes,
932 3406 991 3444 nou
1005 3384 1092 3445 licere
1106 3385 1271 3464 quempiam

222 3484 253 3542 in
267 3484 376 3543 lectulo
389 3484 539 3564 perfusum
554 3482 616 3542 sire
636 3482 815 3561 baptizatum
838 3483 869 3539 in
884 3481 993 3542 clerum
1011 3501 1138 3559 uuquam
1153 3483 1271 3549 assumi,

222 3580 251 3640 ic
263 3583 466 3653 διαιαλυόμινοι
479 3582 530 3637 ὑπὸ
543 3582 639 3639 παντὸς
651 3586 700 3637 τοῦ
713 3581 820 3653 κλῆραυ,
833 3581 904 3636 ἄλλα
917 3582 958 3636 eol
971 3585 1067 3635 λαίκῶν
1078 3582 1197 3647 πολλῶν,
1214 3580 1271 3636 irrui

221 3681 256 3750 μὴ
270 3682 330 3751 ἐξὸν
342 3679 374 3752 ἢν
390 3682 438 3735 rbr
456 3682 499 3736 r’rrl
520 3677 607 3749 elima
620 3679 662 3734 dni
683 3681 762 3733 νόσον
781 3677 962 3751 περιχυθέντα,
976 3676 1066 3750 ὅπερ
1079 3679 1122 3733 sul
1132 3677 1220 3741 oriris,
1234 3678 1272 3735 sir

221 3780 317 3851 κλῆρόν
328 3800 387 3833 τινα
399 3779 531 3852 γινέσθαι,
545 3776 641 3849 ἠξίωσε
654 3777 854 3850 συγχωρηθῆναι
867 3774 945 3859 αὐτῇ
950 3779 1044 3831 roirror
1058 3777 1138 3846 μόνον
1150 3797 1270 3848 χειροτο-

220 3876 306 3945 νῆσαι.
331 3872 406 3930 Ibid
448 3872 572 3932 Constat
592 3872 701 3949 itaque,
720 3871 799 3950 quod
817 3872 873 3930 hoc
893 3874 928 3944 μι)
947 3874 1008 3943 ἕξοι
1030 3870 1063 3941 ἧν
1087 3889 1142 3928 non
1164 3872 1270 3929 licitam

220 3978 291 4039 mat,
315 3979 349 4028 ut
371 3968 502 4028 Clinicus
525 3969 676 4048 presbyter
694 3971 786 4035 fieret,
804 3968 892 4028 etiam
913 3967 1041 4026 Cornelii
1062 3976 1093 4025 et
1107 3966 1269 4025 Noratiani

220 4065 333 4133 diebus,
353 4065 409 4124 hoc
428 4076 482 4135 est,
503 4066 655 4144 plusquam
676 4066 888 4144 qninquaginta
905 4064 989 4123 anuis
1007 4076 1075 4123 ante
1092 4064 1267 4123 celebratum

219 4162 274 4222 hoc
289 4162 486 4222 Neocscsarese
501 4162 676 4222 Concilium.
719 4162 771 4221 Sin
786 4174 885 4222 autem
899 4162 980 4221 nulla
993 4162 1049 4219 hoc
1065 4159 1129 4238 lege
1143 4160 1267 4218 vetitum

219 4259 333 4326 finisset,
349 4258 480 4319 illicitum
492 4280 555 4319 esse
569 4270 619 4319 aut
634 4260 690 4319 dici
710 4280 767 4319 non
782 4259 888 4337 potuit.
918 4257 964 4317 Ac
978 4256 1100 4337 proinde
1113 4255 1187 4314 nihil
1199 4256 1267 4313 nori

220 4356 276 4415 hoc
290 4376 400 4416 canone
424 4356 609 4427 decernitur;
633 4356 683 4415 sed
705 4366 789 4415 retus
809 4376 844 4414 ea
864 4353 922 4425 lex,
938 4353 1101 4431 antiquitus
1122 4352 1266 4421 instituta,

220 4465 381 4514 renovatur.
404 4455 570 4512 Bevnnna.
