3242 5150
398 399 464 464 370
627 396 661 459 S.
687 395 932 459 PAMPHILI
957 394 1216 459 MARTYRIS

442 569 638 630 Psurnmus.
661 563 744 628 Tum
759 564 873 628 deinde
890 565 924 628 in
946 563 1210 650 consequentibus
1232 563 1453 629 vehementius

397 677 549 740 adversus
575 673 738 739 Valentini
764 674 911 740 baeresim
937 674 1016 740 uana
1039 675 1270 740 describentem
1294 676 1449 754 inventus,

397 785 490 868 longe
505 784 555 848 bis
569 784 764 849 eontrarium
778 805 869 850 suem
884 785 1075 851 sententiam
1091 786 1264 850 seeundum
1275 785 1450 850 Oatboiioae

396 892 471 958 fidei
490 892 624 979 protulit
642 892 822 959 veritatem.
868 893 920 958 Ex
944 894 1081 958 seeundo
1103 894 1185 958 libro
1203 894 1376 958 seeundum
1391 893 1449 957 Jo-

397 1024 513 1068 onnem
528 1004 568 1068 de
582 1003 632 1067 his
646 1003 734 1087 ipsis.
770 1004 949 1089 Usipenitus
962 1005 1289 1090 erpo—odram.

441 1113 636 1176 Pssmnnus.
653 1111 798 1177 Sufficiat
812 1135 872 1198 per
885 1113 953 1178 haee
968 1114 1167 1198 respondisse
1184 1115 1329 1179 seeundae
1343 1112 1449 1176 orimi-

397 1220 529 1285 nutioni.
575 1221 668 1285 Nune
688 1228 919 1305 eonsequenter
938 1222 1196 1307 respondebimus
1210 1223 1309 1288 etiem
1327 1222 1377 1288 bis
1392 1223 1449 1307 qui

395 1352 511 1416 purum
534 1330 704 1409 bominem,
733 1328 767 1393 id
792 1336 854 1408 est,
877 1331 944 1395 sine
969 1330 1052 1405 Deo,
1078 1331 1120 1396 ab
1146 1353 1184 1396 eo
1211 1332 1274 1396 diei
1299 1337 1449 1397 usserunt

397 1440 571 1507 Christum.

592 1576 769 1663 Responsio
784 1581 826 1645 ed
841 1581 970 1646 tertiam
986 1579 1248 1650 criminationem.

457 1707 544 1787 Quod
554 1728 614 1772 noo
625 1729 727 1794 purus
740 1707 834 1786 tomo,
848 1707 903 1772 sod
914 1705 1031 1772 divim
1047 1719 1169 1774 nuere
1184 1711 1224 1775 eit
1241 1710 1386 1776 Otnbtus.

596 1839 646 1904 De
660 1841 764 1924 primo
778 1840 860 1905 libro
876 1840 1029 1925 Epistolae
1043 1843 1085 1906 ed
1100 1841 1245 1908 Galatas.

440 1947 604 2011 Omonuns.
627 1948 680 2011 Eu·
693 1970 725 2012 eo
740 1949 962 2034 quod—per
974 1949 1128 2014 umbem.

439 2054 634 2117 Psunnuns.
658 2055 740 2120 Haeo
764 2056 797 2120 in
821 2057 912 2122 initio
936 2058 1091 2144 Epistolae
1114 2059 1234 2138 dioens,
1257 2060 1291 2124 in
1314 2081 1446 2144 sequen·

395 2159 482 2226 tibus
499 2163 570 2227 libri
594 2165 692 2249 ipsius
713 2166 828 2232 similia
848 2169 976 2253 adjecit,
996 2190 1156 2254 exponens
1175 2169 1253 2234 illud
1272 2169 1447 2255 oepitulum

394 2271 429 2335 in
454 2294 517 2357 quo
539 2274 693 2359 seriptum
715 2283 782 2341 est:
816 2277 961 2341 ¹¹Notum
981 2287 1082 2342 ouum
1103 2277 1184 2344 vobis
1200 2279 1300 2362 socio,
1311 2281 1445 2364 fratres,

394 2381 582 2467 mespelium
594 2384 676 2469 quod
687 2386 867 2471 praedsbooi
888 2387 976 2464 uobis,
992 2387 1135 2473 quoniam
1148 2409 1208 2452 uon
1228 2399 1269 2453 eet
1284 2388 1446 2453 eeotmdum

382 2489 560 2556 ‘hominm
587 2514 678 2579 neque
698 2497 779 2559 enim
802 2517 853 2583 epo
878 2495 917 2560 ab
939 2496 1057 2562 bomine
1079 2498 1180 2583 aesopi
1204 2497 1293 2577 illud,
1315 2498 1370 2563 sed
1383 2518 1446 2585 per

395 2600 602 2666 revelationem
614 2604 692 2668 Jeeu
710 2604 833 2669 mnus.

439 2712 604 2777 Omouuns.
630 2714 797 2798 (Ibidem.)
814 2716 949 2781 Advorte
963 2716 1252 2803 erpo-bquitur
1268 2718 1413 2783 Obsistere.

434 2822 631 2888 Puurnmos.
658 2826 797 2912 Tempus
820 2834 870 2892 est
892 2828 942 2893 his
963 2828 1011 2894 ite
1037 2830 1200 2894 evidenter
1226 2830 1362 2895 ostensis
1386 2852 1444 2895 nos

393 2932 559 2999 etiamad
585 2935 781 3020 insequentis
807 2937 1036 3002 eriminetionis
1061 2938 1193 3003 tendere
1219 2939 1441 3016 defensionem,

392 3041 562 3107 brevitatis
576 3044 683 3108 studio
698 3067 874 3130 pensorum
893 3046 1148 3113 testimoniorum
1167 3048 1353 3133 probatione
1370 3068 1442 3112 oon-

393 3155 515 3213 tentos.

581 3318 757 3404 Responsio
771 3322 813 3386 ed
829 3331 976 3409 quartem
992 3324 1253 3391 oriminetionem.

392 3444 562 3510 Advorsum
576 3469 623 3512 eos
643 3449 698 3534 qui
718 3448 916 3527 dimetrum
929 3474 992 3537 per
1012 3452 1174 3538 olleporias
1194 3452 1328 3518 adium
1342 3453 1443 3517 munia

509 3577 579 3641 quw
591 3580 613 3622 e
628 3560 787 3625 Saloabre
800 3561 916 3647 empto
930 3572 1000 3627 sum
1014 3562 1320 3647 corporalitersaoto.

435 3674 599 3741 Omonum.
616 3676 730 3762 (Ibid.)
747 3680 980 3765 Adybmpeudum
994 3691 1161 3746 eet—ex
1176 3680 1315 3746 muliere.

438 3783 632 3849 Psurnuns.
653 3786 764 3868 *Quid
778 3797 848 3854 tom
870 3790 1032 3856 evidenter
1053 3798 1111 3855 out
1132 3792 1264 3877 integre,
1286 3812 1382 3876 quem
1401 3812 1442 3857 ex

390 3888 441 3955 his
463 3891 608 3957 omnibns
627 3915 698 3979 quse
719 3895 854 3981 scripsit,
879 3898 1086 3964 eonfirmotur
1104 3899 1145 3964 ab
1165 3922 1214 3978 eo,
1237 3907 1272 3965 et
1296 3900 1440 3965 Domini·

795 4132 810 4161 ¹1
823 4122 903 4173 onst.
916 4123 933 4173 i.
946 4133 984 4185 11,
997 4138 1035 4173 rs.
1135 4132 1136 4137 ’

424 4266 439 4297 *
450 4264 505 4331 (Sio
515 4269 594 4317 MSS.
607 4276 630 4319 et
638 4273 695 4320 editi
702 4276 803 4336 priora
838 4276 885 4327 Sed
895 4277 972 4327 editor
984 4278 1158 4329 Benedictinus
1168 4280 1270 4329 verbum
1284 4277 1443 4340 oonfimatur

390 4350 484 4398 oensuit
494 4352 671 4417 repetendum.)
