3242 5150
305 406 356 469 IN
380 408 637 474 ANCYR'ANI
663 411 881 476 coNclmr
906 413 1136 476 CANONES.
1193 414 1254 476 151

206 572 298 652 dioio,
321 577 370 640 Do
390 577 472 642 Jore
494 579 637 644 Εοσὼεὶπ
659 581 693 644 io
718 581 809 644 Oiot't.
833 581 1011 646 Odrtetiaoo
1030 605 1099 667 oap.
1110 601 1142 666 3.
1162 589 1197 645 et
1217 582 1260 644 ab

207 674 415 741 Hanrmondo
435 679 467 742 in
487 680 618 744 mam.
635 681 677 744 iii.
696 683 809 746 Oeotra
831 683 970 748 Bloodod.
991 706 1060 768 oap.
1074 684 1106 747 8.
1125 702 1260 747 eommo-

207 787 363 842 moratue.
390 779 490 844 Haud
501 782 689 865 permissum
704 805 773 848 erae
789 785 1033 870 chorepiaoopie,
1042 784 1089 849 ait
1102 783 1262 848 Arabioue

209 879 453 964 Paraphraater‚
479 891 514 946 ot
533 883 663 966 saot'oot
679 884 867 970 presbyteros
892 895 947 949 aot
968 887 1109 950 diaooooe
1132 887 1261 958 omrtioo,

209 1004 311 1066 neque
325 983 358 1046 in
372 983 446 1048 villo
460 1005 561 1068 neque
576 984 609 1048 in
625 987 712 1064 urbe,
728 985 837 1072 adrqoo
849 989 994 1052 mandato
1008 988 1157 1072 epiecopi:
1184 987 1262 1051 Niei

209 1087 727 1172 royotoofoeritopiroopoedoode
746 1089 1263 1175 raetpormiem'toieatsooiaat

209 1209 264 1263 roe,
281 1209 393 1252 noeooo
406 1189 563 1272 evomuerit
577 1189 621 1253 oio
635 1191 791 1275 emptam,
806 1191 888 1277 qood
899 1190 1113 1255 authoritatem
1123 1189 1210 1254 dabit
1219 1190 1264 1252 oie

209 1290 312 1354 eadem
326 1290 364 1353 do
377 1312 419 1354 re.
466 1289 593 1368 Sicine,
611 1292 666 1376 qui
686 1314 837 1357 onnonem
857 1293 899 1356 ob
914 1292 1019 1356 oeulos
1040 1291 1184 1376 profeoto
1203 1293 1261 1356 ha·

209 1392 311 1467 beret,
326 1391 404 1456 nihil
419 1393 547 1456 omnino
560 1394 603 1457 ab
618 1393 671 1456 illo
686 1417 707 1458 a
721 1417 772 1458 mo
786 1395 950 1480 proposito
965 1393 1210 1478 dieorapantem.

253 1493 378 1557 Deinde
392 1515 467 1557 voro
484 1493 523 1558 de
544 1494 621 1579 ipsis
642 1497 770 1560 Latinis
789 1496 995 1572 versionibus,
1011 1517 1091 1579 quoe
1110 1495 1169 1558 viri
1190 1495 1264 1558 doe·

211 1595 324 1660 tissimi
354 1594 525 1680 appellant,
550 1595 771 1680 disquiramus.
819 1597 860 1658 In
885 1595 1001 1660 Prieoo
1025 1594 1079 1658 illa
1107 1595 1264 1660 anoomrt

220 1696 360 1760 Vereiooo
384 1719 425 1760 ex
449 1696 506 1761 oh.
524 1696 655 1762 Juetelli
685 1698 876 1764 bibliotheoa
901 1698 1001 1773 edita,
1027 1719 1161 1780 quaeque
1186 1705 1263 1762 ante

212 1797 364 1880 Dionysii
382 1796 502 1882 Eaiyoi
527 1797 811 1884 lompramioom
836 1800 981 1864 eonfoota
1006 1797 1103 1861 fuiaee
1126 1797 1262 1876 ridetur,

212 1900 466 1963 additamentum
494 1919 558 1962 non
585 1908 757 1984 comparet.
812 1902 923 1985 Neque
950 1900 982 1963 in
1010 1899 1107 1983 ipsine
1138 1920 1263 1986 quoquo

213 2001 413 2084 Diorryeiaooo
447 2000 604 2078 Vareno,
631 2024 702 2086 quae
728 2002 827 2066 Oodoa
855 2002 1012 2065 Carreum
1036 1999 1178 2065 Eordaia
1202 2003 1264 2066 Ro·

212 2125 312 2168 maore
331 2103 424 2188 vulgo
446 2103 533 2168 diota
552 2110 613 2182 oet,
633 2103 811 2168 editionibue
833 2103 882 2166 vel
910 2091 1168 2178 venenatam,
1192 2125 1263 2189 quae

213 2205 359 2292 princepe
377 2211 437 2282 eet,
454 2205 504 2270 vel
519 2205 696 2283 Pteleoaoa,
717 2204 765 2269 vel
784 2203 986 2280 Jomtttaoo,
1003 2204 1087 2268 idom
1107 2204 1195 2267 illud<
1206 2205 1263 2268 eia·

213 2308 303 2372 titur.
358 2307 477 2371 Fateor
503 2306 709 2392 Fulgentium
739 2306 950 2382 Ferrandum,
981 2306 1035 2389 qui
1064 2305 1160 2389 paulo
1189 2314 1263 2390 poet

214 2409 401 2493 Dionysium
415 2408 575 2493 Exiguum
589 2407 706 2484 floruit,
722 2407 754 2471 in
769 2408 966 2471 Broor’atiooo
978 2409 1133 2471 Oooooam
1143 2408 1265 2472 Latino

213 2510 386 2575 olaueuiom
405 2531 576 2595 agnoaeero
586 2534 595 2587 ;
617 2531 712 2595 quam
736 2510 768 2574 in
790 2510 874 2574 huno
893 2509 1022 2573 modum
1037 2506 1153 2571 Graeoo
1171 2507 1264 2571 refin-

213 2636 288 2699 gere
311 2614 370 2678 eibi
395 2614 560 2699 proposuit
587 2614 823 2691 Hammondus,
848 2612 902 2674 ubi
922 2631 1031 2694 supra,
1054 2610 1088 2672 in
1109 2628 1264 2694 oap.9.-

215 2718 297 2780 ἆλλᾶ
318 2718 392 2795 μηδὲ
415 2714 635 2797 πρεσβυτέρους
655 2717 783 2791 πόλεως,
806 2713 896 2797 χωρὶς
916 2716 969 2776 rori
989 2713 1183 2792 ἐπιτραπῆναι
1205 2712 1264 2774 ὑπὸ

215 2823 267 2883 rori
281 2819 455 2895 ἐπισκόπου,
465 2821 540 2897 μετὰ
551 2815 739 2899 γραμμάτων,
750 2814 891 2894 πράττειν
905 2838 934 2877 τι
949 2814 983 2876 ἐν
996 2811 1105 2898 ἑκάστῃ
1117 2813 1263 2896 πποοικίρ.

215 2916 270 2982 Ita
284 2938 358 2981 vero
371 2916 424 2980 vix
436 2916 523 2981 salva
533 2916 618 2980 foret
631 2914 863 2999 ehorepieoopie
874 2936 932 2978 oua
943 2922 1088 2999 potestas
1098 2913 1265 2978 ordinandi

216 3017 417 3102 presbyteros
430 3024 464 3081 et
484 3017 634 3083 diaeonoe
651 3016 858 3102 permittento
874 3014 1030 3101 episeopo.
1076 3016 1138 3079 Sed
1154 3037 1262 3101 pergo.

216 3118 457 3185 Gonoedendum
483 3119 516 3182 id
538 3139 663 3205 quoque
682 3125 744 3193 eet,
768 3117 896 3181 brevem
917 3117 1078 3202 quandam
1103 3118 1265 3202 Epitomoa

215 3222 377 3285 Caranum
398 3220 440 3284 ab
464 3220 633 3285 Hadriano
648 3217 676 3283 I.
695 3219 853 3284 existente
874 3218 990 3282 eaeoulo
1013 3226 1127 3283 ottavo
1150 3217 1265 3283 Oarolo

217 3322 338 3407 Magno
365 3322 475 3386 Romae
505 3322 685 3387 oblatorum
712 3320 933 3385 additamento
962 3320 1035 3384 huio
1060 3319 1264 3404 patrocinari,

216 3444 285 3509 quae
311 3423 398 3489 istud
419 3424 546 3500 habeat,
572 3444 626 3486 ooo
644 3420 802 3506 praedator
822 3420 941 3505 aliquid
961 3428 1039 3505 agot
1062 3420 1097 3483 io
1112 3420 1266 3504 parochia

216 3526 282 3589 eine
302 3533 463 3611 praerepto
481 3524 628 3610 episcopi.
673 3524 722 3587 At
735 3544 810 3586 vero
831 3522 1061 3608 quinquaginta
1077 3531 1112 3586 et
1129 3521 1265 3615 amplius

215 3648 316 3691 annor
331 3633 407 3690 anto
424 3626 635 3701 Hadrianum,
651 3624 704 3710 qui
720 3624 847 3709 quidem
862 3624 1002 3709 pontifex
1015 3624 1178 3688 Romanus
1189 3623 1265 3686 duo-

217 3729 275 3792 bue
297 3726 368 3813 plue
389 3727 510 3791 saeoulie
531 3726 719 3811 Dionysium
740 3733 868 3790 eeoutue
888 3734 947 3802 eet,
968 3724 1158 3791 Cresconius
1178 3723 1265 3787 Arri-

216 3850 314 3892 oanue
332 3829 546 3914 episcopusin
563 3828 734 3893 Coooorde'a
748 3849 806 3893 eua
822 3830 983 3892 Cononem
1001 3827 1114 3891 iisdem
1135 3847 1266 3910 proreue

217 3928 319 3992 verbis
334 3950 487 3993 canonem
499 3929 690 4005 adduxerat,
695 3926 815 4017 ⁴quibua
825 3936 919 3993 extat
930 3929 980 3992 ille
996 3929 1029 3991 in
1042 3929 1152 3993 cotta
1161 3927 1266 3991 Eccle-

216 4030 271 4093 eim
284 4032 432 4095 Mmooco
446 4030 654 4114 Dionysiana.
700 4031 812 4115 Neque
829 4030 915 4095 aliud
930 4030 1045 4095 aaeoulo
1061 4030 1266 4115 proximare·
1390 4047 1393 4053 ·

218 4138 344 4213 quente,
359 4132 420 4196 hoo
444 4140 494 4197 eet
518 4154 645 4211 nonum,
661 4132 738 4197 feeit
761 4133 936 4197 Rhabanue
957 4134 1111 4204 Maurum
1135 4136 1172 4195 ot
1190 4151 1267 4194 vooe

217 4238 323 4296 tomen
332 4232 529 4317 presbyterae,
546 4241 582 4297 ut
597 4233 732 4310 ostendi,
749 4255 813 4299 non
821 4233 1005 4320 presbyterio
1019 4254 1092 4297 oum
1103 4252 1178 4295 voce
1192 4232 1266 4293 oe'oe'·

219 4334 291 4397 totio
303 4335 418 4419 posita.
462 4336 579 4399 Verum
596 4334 700 4401 horale
716 4356 778 4402 non
796 4336 878 4401 odeo
897 4335 1050 4399 miramur
1069 4332 1266 4397 additionem
