3242 5150
356 416 400 479 88
656 410 908 488 RELIQUIAE
935 409 1113 473 SACRAE.

355 583 398 664 rb
411 581 499 664 εἰναι
512 583 578 664 ίσα
589 587 685 689 Θεῷ·
716 582 802 660 ἀλλ’
818 578 944 660 ἑαυτὸν
954 579 1105 659 έκένωσε
1118 576 1265 684 μορφὴν
1277 578 1409 658 δούλου

355 717 495 815 λαβιίν·
512 721 571 798 καί
585 715 746 823 σχήματι
758 717 907 819 εὑρεθεὶς
920 717 969 797 ὡς
982 713 1180 816 ἅνθρωπος,
1190 711 1316 793 ἑαυτὸν
1331 715 1409 792 ε’τα-

1305 850 1318 878 λ

354 855 529 934 πείνιυσεν
540 854 604 937 ἕως
615 851 779 934 θανάτου·
793 847 948 930 θανάτου
959 849 998 928 δὲ
1007 855 1178 950 σταυροῦ.
1193 846 1248 927 διὸ
1261 882 1319 926 και
1331 845 1409 948 1’ζη-

356 986 542 1072 λώσαντες
559 985 606 1066 τὰ
618 982 759 1087 μείζονα
773 984 983 1089 χαρισματα
998 989 1031 1062 οἰ
1041 979 1293 1086 Χριστοφόροι
1310 978 1404 1082 μάρ-

355 1153 467 1223 τυρες,
478 1119 598 1200 πάντα
610 1117 676 1220 μὲν
688 1117 800 1199 πόνον
816 1123 876 1198 καὶ
885 1118 1055 1202 παντοίας
1066 1122 1243 1214 αἰκισμῶν
1254 1118 1432 1200 ἐπινοίαςε

356 1256 420 1336 οὐκ
437 1253 607 1362 εἰσάπαξ,
626 1256 711 1334 ἀλλ’
731 1255 799 1354 ἤδη
821 1257 879 1333 καί
905 1251 1067 1356 δεύτερον
1089 1249 1180 1337 τινὲς
1204 1251 1404 1352 ὑπέμειναν·

355 1390 479 1475 πάσας
498 1387 536 1469 δὲ
558 1387 709 1473 ἀπειλάς
731 1390 773 1468 cri
798 1387 922 1492 λόγοις
945 1385 1068 1488 μόνον,
1086 1385 1187 1467 ἀλλὰ
1211 1389 1268 1466 καί
1293 1388 1407 1490 ἔργοις

356 1531 428 1605 τῶν
466 1522 677 1631 δορυφόρων
721 1523 795 1604 κατ’
835 1525 953 1604 αὐτῶν
989 1521 1307 1629 φιλοτιμουμένων,
1344 1524 1408 1602 οὐκ

356 1658 529 1737 ἐνεδίδουν
556 1656 622 1757 τὴν
650 1657 806 1758 γνώμην,
835 1655 894 1736 διοί
920 1654 963 1735 τὸ
992 1654 1075 1756 οτὴν
1096 1658 1235 1736 τελείαν
1264 1654 1408 1756 ἀγάπην

356 1791 427 1897 ἔξω
444 1791 599 1884 βάλλειν
622 1789 686 1871 τὸν
708 1789 838 1895 φόβον.
876 1787 926 1871 ὦν
953 1789 1162 1891 καταλέγειν
1185 1788 1252 1886 τὴν
1280 1788 1455 1892 &perricio

357 1928 415 2004 καί
433 1925 499 2024 τὴν
517 1927 576 2030 ἐφ’
596 1923 731 2030 ἑκάστη
749 1923 903 2031 βασάνῳ
921 1925 1095 2026 ἀνδρείαν,
1113 1925 1167 2008 τίς
1184 1922 1229 2003 ἂν
1248 1924 1407 2027 ἀρκέσειε

357 2057 493 2161 λόγος;
532 2057 685 2143 αἰνέσεως
705 2057 777 2161 γὰρ
805 2061 917 2158 οὔσης
942 2056 1059 2139 ἅπασι
1084 2067 1158 2142 τοῖς
1175 2061 1407 2158 βουλομένοις

357 2191 558 2296 ἐνυβρίζειν,
577 2197 609 2273 οἰ
635 2189 701 2291 μέν
729 2192 854 2299 ξύλοις
882 2193 1017 2274 ἔπαιον·
1048 2196 1158 2298 ἕτεροι
1181 2192 1219 2274 δὲ
1245 2193 1405 2298 ῥάβδοις·

357 2327 467 2407 ἄλλοι
485 2324 524 2405 δέ
540 2324 722 2433 μάστιξιν·
752 2327 863 2430 ἕτεροι
882 2328 920 2407 δὲ
937 2327 1050 2408 πάλιν
1068 2326 1204 2427 ἰμάσιν·
1233 2329 1344 2408 ἄλλοι
1369 2326 1408 2407 δέ

357 2464 539 2567 σχοινίοις.
561 2466 619 2541 καί
633 2459 677 2561 ἦν
688 2462 710 2560 ἡ
722 2461 787 2541 θέα
800 2468 873 2542 τῶν
885 2469 1062 2564 αἰκισμῶν
1075 2465 1335 2566 ένηλλαγμένη,
1350 2467 1407 2543 καί
1420 2507 1430 2544 ι
1436 2503 1453 2564 5

357 2596 502 2698 πολλὴν
509 2596 575 2697 τὴν
584 2601 623 2677 ἐν
635 2598 724 2702 αὐτῇ
736 2599 861 2678 κακίαν
872 2599 1018 2704 ἔχουσα.
1035 2604 1068 2679 οἰ
1078 2599 1222 2702 μὲνγὰρ
1234 2601 1408 2681 ὀπίσωτὼ

357 2740 451 2838 χεῖρε
463 2732 630 2831 δεθέντες,
641 2734 723 2835 περὶ
735 2732 778 2812 τὸ
790 2732 905 2837 ξύλον
916 2732 1126 2839 ἐξηρτῶντο,
1141 2737 1198 2812 καί
1209 2733 1407 2835 μογγάνοις

359 2946 426 2986 narn
458 2926 616 2985 arbitratus
647 2936 692 2984 est
723 2925 860 2985 Christus
909 2927 963 2985 tim
1000 2927 1176 2994 niterentur,
1211 2947 1271 2985 non
1308 2938 1407 2986 tamen

359 3026 422 3065 esse
432 3026 464 3065 se
476 3006 614 3083 equalem
627 3006 691 3064 Deo
701 3028 711 3077 3
733 3004 857 3063 sederi·
909 3006 995 3066 fracti
1029 3017 1099 3065 sunt
1128 3008 1234 3075 animo,
1261 3027 1297 3065 eo
1327 3006 1406 3084 quod

359 3084 472 3144 nanivit
491 3085 628 3164 seipsum.
644 3086 720 3143 servi
736 3085 860 3143 formam
909 3086 1039 3163 perfecta
1052 3086 1156 3145 caritas
1174 3087 1252 3144 foras
1272 3086 1406 3163 ejiciebat
1416 3106 1455 3143 20

359 3166 502 3224 induens:
525 3174 555 3222 et
570 3164 666 3242 specie
680 3166 743 3243 ipss
756 3164 858 3223 inven·
909 3166 1054 3224 timorem.
1076 3165 1210 3237 Quorum
1222 3167 1360 3225 virtutem
1376 3178 1406 3225 et

358 3257 408 3305 tus
422 3245 503 3323 quasi
518 3244 615 3313 homo,
629 3244 796 3302 humiliavit
814 3264 859 3303 se.
909 3244 941 3302 in
952 3245 1075 3323 singulis
1089 3247 1243 3305 tormentis
1256 3247 1406 3306 fortitudi-

359 3326 515 3403 metipsum
538 3344 631 3401 usquc
652 3324 689 3382 ad
712 3334 836 3383 mortem
848 3348 858 3395 ;
909 3344 986 3392 nem,
1002 3345 1068 3403 quae
1087 3326 1205 3385 tandem
1225 3327 1319 3385 oratio
1340 3348 1406 3406 pos.

359 3405 516 3484 etquidem
525 3415 649 3463 mortem
659 3404 763 3464 crucis.
787 3405 859 3463 Pro·
909 3405 948 3464 sit
962 3407 1155 3485 percensere?
1179 3408 1257 3465 Nam
1271 3427 1337 3466 cum
1358 3428 1408 3468 eos

359 3486 428 3545 inde
452 3485 573 3544 meliora
596 3485 768 3543 charismata
790 3506 859 3544 con.
910 3486 1017 3564 injuria
1039 3488 1152 3547 afficere
1179 3488 1272 3546 cuivis
1296 3488 1407 3555 liceret,
1418 3506 1453 3564 25

359 3577 503 3627 sectantes
523 3576 665 3645 martyres
686 3566 738 3643 qui
759 3566 858 3625 Chris·
909 3566 958 3625 alii
987 3568 1125 3636 fustibus,
1152 3568 1201 3626 alii
1230 3570 1329 3647 virgis,
1357 3569 1407 3628 alii

359 3659 423 3706 turn
447 3646 610 3725 gestabant,
632 3666 733 3705 omnes
755 3667 858 3704 aarum·
910 3646 1007 3727 flagris
1027 3668 1077 3707 eos
1102 3649 1291 3707 verberabant
1303 3672 1312 3720 ς
1341 3650 1407 3727 qui·

360 3747 421 3797 nas,
448 3727 546 3785 omnia
569 3736 782 3785 tormentcrum
807 3747 858 3804 ge·
910 3728 975 3787 dam
991 3728 1081 3798 loris;
1103 3728 1237 3787 nonnulli
1251 3730 1340 3788 etiam
1359 3730 1406 3789 fu·

360 3827 429 3867 nera
443 3826 508 3885 quse
518 3806 680 3883 ‚excogitari
692 3818 858 3885 potuerant.
910 3809 995 3867 nibus
1010 3809 1166 3868 credebant.
1210 3810 1340 3887 Eratque
1354 3810 1408 3869 hn-

359 3907 418 3945 non
437 3886 536 3951 semel,
552 3884 602 3945 sed
624 3888 729 3945 iterum
753 3908 786 3945 ac
807 3908 859 3946 sre-
906 3888 1035 3965 jusmodi
1056 3889 1236 3947 cruciatuum
1256 3910 1270 3948 s
1309 3900 1454 3958 uteru-30

359 3966 426 4046 pius
435 3965 568 4024 nonnulli
578 3966 792 4025 sustinuerunt.
817 3969 860 4028 Et
910 3968 970 4026 lum
989 3970 1100 4026 varium
1119 3980 1150 4027 et
1169 3968 1275 4047 multip
1287 3989 1324 4027 ex
1345 3969 1407 4049 ple·

359 4067 426 4106 cum
445 4045 585 4104 satellites
602 4066 660 4104 non
682 4046 776 4105 solum
795 4068 859 4106 νοτ.
910 4069 1039 4126 numque
1048 4047 1175 4107 malitioe.
1191 4048 1320 4119 Quidam
1328 4050 1405 4107 enim

359 4126 404 4185 bis
422 4126 577 4192 minantes,
595 4125 646 4184 sed
663 4128 752 4185 etiam
775 4128 860 4188 factis
910 4127 1027 4187 illorum
1049 4129 1183 4188 manibus
1203 4141 1270 4208 post
1291 4140 1405 4207 tergum

359 4218 498 4267 terrorem
520 4206 591 4285 ipsis
612 4204 743 4266 incutere
765 4221 857 4267 certa·
909 4209 1048 4270 revinctis
1072 4209 1109 4267 ad
1131 4210 1260 4289 stipitem
1286 4230 1407 4290 suspen·

523 4363 537 4399 b
558 4374 566 4407 r
582 4360 636 4409 Ccr.
650 4361 692 4409 xli.
706 4376 744 4423 3¹·
1017 4375 1029 4403 e
1051 4378 1059 4411 r
1075 4364 1149 4412 λκιο.
1160 4364 1193 4412 iv.
1206 4365 1242 4412 18.
