3242 5150
368 379 434 444 306
552 379 826 443 CONCILIUM
853 377 1175 442 ARELATENSE
1201 378 1229 440 1.

854 549 932 612 VII.

412 661 458 724 Et
472 661 512 724 de
526 658 576 722 hia
591 657 718 742 quidem
730 657 785 742 qni
800 658 833 720 in
848 657 1010 742 republica
1023 679 1119 743 agere
1129 657 1248 732 volunt,
1262 656 1418 722 similitor.

845 767 945 830 v111.

412 881 492 942 kDe
506 877 598 941 Afris
615 883 734 950 autem,
751 876 836 960 quod
854 876 984 961 propria
1003 898 1061 940 aua
1074 875 1144 962 lege
1162 883 1297 940 utuntur
1312 883 1349 940 ut
1369 897 1420 940 re-

368 989 544 1074 baptizent,
574 987 694 1072 placuit
717 993 756 1050 ut
784 988 828 1050 ad
856 986 1019 1050 eeclesiam
1048 987 1074 1051 si
1105 985 1219 1071 aliquis
1249 985 1419 1051 haerotioun

366 1098 498 1176 venerit,
513 1099 712 1182 interrogent
727 1117 800 1160 eum
815 1096 1012 1180 symbolum
1036 1104 1069 1160 et
1084 1095 1110 1160 ei
1131 1097 1324 1181 perviderint
1343 1119 1418 1162 eum

367 1210 400 1272 in
416 1209 511 1273 Patre
526 1214 559 1272 et
576 1207 670 1284 Filio,
685 1213 719 1272 et
735 1207 854 1292 Spiritu
870 1214 982 1272 canoto
997 1228 1066 1271 esee
1080 1207 1287 1292 baptizatum,
1303 1228 1419 1272 manns

367 1324 495 1381 tantum
520 1315 549 1380 ei
575 1315 767 1401 imponatur.
813 1315 907 1396 Quod
936 1315 962 1379 si
987 1315 1204 1400 interrogatus
1229 1315 1417 1400 symbolum,

367 1448 433 1492 non
454 1425 655 1512 responderit
678 1423 872 1489 Trinitatem
892 1424 984 1500 hano,
1005 1423 1120 1488 merito
1148 1425 1338 1510 baptizetur.
1359 1425 1418 1488 tro.

367 1537 457 1600 'Iuno
471 1535 606 1600 taedians
621 1533 628 1578 ¹
633 1534 730 1619 jussit
744 1555 854 1598 omnes
869 1534 911 1597 ad
926 1556 1001 1598 auae
1015 1534 1106 1598 aedos
1120 1534 1233 1598 redire.
1269 1537 1386 1598 Amen.

755 1766 1032 1807 ..4,

866 1935 924 1998 1v.

407 2079 609 2138 SYNODUS
623 2079 843 2158 Episcoporum,
859 2079 908 2156 qui
924 2079 954 2136 in
969 2080 1087 2139 civitate
1101 2080 1316 2139 Arelatensium
1336 2080 1417 2159 apud

365 2177 513 2234 Marinum
528 2175 697 2264 episcopum
712 2175 862 2233 catholicoe
883 2174 1011 2234 eeclesiae
1032 2177 1212 2256 temporibus
1231 2176 1418 2236 Constantini

365 2272 495 2349 Augusti
509 2270 673 2330 Volusiano
687 2281 717 2329 et
733 2271 869 2328 Anniano
883 2272 963 2329 Coae.
978 2285 1178 2332 convenerunt
1187 2274 1214 2330 *.

688 2450 837 2510 TITULI
860 2450 1091 2509 CANONUM.

651 2639 695 2679 EX
716 2636 960 2679 contuemur}
981 2638 1127 2681 15100121.

364 2756 388 2813 1.
407 2756 445 2813 Ut
458 2775 510 2813 uno
524 2756 568 2812 die
580 2765 608 2812 et
621 2764 740 2830 tempore
753 2755 865 2811 Paccio
880 2754 1038 2812 celebretur.

364 2852 404 2909 11.
422 2852 460 2909 Ut
472 2853 519 2909 uli
532 2857 642 2927 quiaque
655 2853 806 2917 ordinatur,
822 2852 861 2908 ibi
868 2860 1039 2926 permaneat.

363 2949 420 3007 ΙΙΙ.
441 2950 478 3006 Ut
492 2951 538 3023 qui
552 2949 580 3005 in
591 2968 662 3022 pace
675 2967 752 3004 arnta
759 2949 920 3023 prm'iciunt
936 2950 1201 3007 excommunicentur.

363 3044 417 3101 IV.
440 3044 478 3100 Ut
492 3043 603 3115 numque,
617 3043 679 3098 dum
693 3042 809 3115 enitent,
825 3043 1091 3099 excommunicentur.

363 3141 401 3197 V.
419 3139 457 3196 Ut
471 3138 608 3204 theatrici,
624 3138 751 3215 quamdiu
765 3147 859 3211 ayunt,
874 3140 1139 3199 recommunicmtur.

363 3235 415 3292 VI.
440 3235 478 3293 Ut
492 3239 519 3291 in
534 3236 694 3310 infimitate
707 3238 830 3293 conumei
844 3256 938 3295 uranus
952 3238 1147 3313 impositionem
1161 3240 1306 3315 accipiant.

362 3332 432 3389 VII.
450 3333 498 3389 Dc
511 3333 651 3408 fidelilue,
673 3334 719 3410 qui
737 3333 872 3409 presides
884 3336 967 3409 siunt,
992 3335 1038 3391 uel
1056 3335 1247 3411 rempublicam
1268 3354 1348 3410 apere
1368 3354 1415 3393 uo·

487 3428 556 3488 lunt.

363 3524 448 3581 VIII.
464 3526 511 3582 De
524 3526 655 3602 baptismo
671 3546 771 3593 eorum,
787 3529 834 3603 qui
847 3530 881 3585 alr
895 3529 992 3587 tareni
1006 3538 1202 3586 conumtuntur.

363 3621 415 3679 IX.
433 3622 472 3680 Ut
485 3624 531 3698 qui
547 3624 733 3697 consessorum
748 3626 856 3681 litterar
869 3627 997 3700 offerrunt,
1013 3627 1084 3684 aliar
1094 3628 1238 3702 accipiant.

362 3718 399 3774 X.
418 3718 456 3775 Ut
469 3721 492 3774 iu
506 3722 587 3798 cujus
600 3739 669 3776 uror
678 3721 852 3786 adulteravit,
866 3722 949 3779 aliam
963 3723 1012 3778 illa
1026 3724 1130 3780 uiuente
1143 3742 1194 3780 non
1208 3724 1337 3799 accipiat

361 3814 416 3872 XI.
433 3816 480 3872 De
487 3816 589 3890 puellis
602 3836 660 3890 quc
673 3818 992 3893 pentililrurjunyuntur.

362 3911 433 3968 XII.
452 3911 490 3968 Ut
504 3911 779 3985 cler-iciseneratorer
792 3917 1060 3975 eucommnnicentur.

395 4056 481 4103 *Ma
496 4056 597 4132 colbert.
613 4057 836 4120 1951.D0Afrim
1010 4064 1207 4111 ICorutontr'nur
1219 4062 1334 4121 uidelicet,
1342 4060 1416 4121 jecerit

361 4154 406 4200 per
417 4137 568 4198 ammplam,
579 4138 643 4199 quad
650 4143 705 4199 port
715 4139 869 4191 Arelatem
879 4158 982 4192 aanoner
992 4144 1169 4205 rutjunpemar.

395 4246 410 4272 ¹¹
423 4242 547 4304 (Titulum
564 4240 630 4289 lunc
646 4243 676 4289 ab
687 4244 820 4294 Haeduino
832 4249 941 4295 omirram
960 4250 1064 4298 restituit
1076 4251 1200 4309 Moratur,
1212 4250 1254 4297 aed
1263 4248 1350 4297 cimilia
1361 4248 1416 4308 fine

366 4326 495 4373 Canonum
507 4324 575 4385 apud
586 4324 746 4372 Horduinum
756 4326 906 4393 occanum.)
