3242 5150
305 414 357 479 IN
381 416 638 482 ANCYRANI
664 419 881 485 CONCILII
906 422 1135 488 CANONES.
1181 426 1245 491 175

498 590 576 650 sione
589 591 620 648 in
636 591 773 670 Catalego
787 592 978 652 Nicanorem.
997 593 1042 652 At
1060 613 1130 652 vero
1147 603 1245 690 potest

500 670 571 738 fieri,
594 683 628 729 ut
647 671 788 731 Dieasinr
801 685 886 751 pater
899 676 977 732 inter
995 674 1245 735 Nenensanenses

500 749 603 810 ultimo
617 751 682 810 loen
701 764 942 812 commemoratus
957 754 1013 812 snb
1030 754 1089 813 isto
1112 753 1243 814 Dico-rio-

501 831 596 890 nenrt's
610 831 640 890 in
655 833 710 890 hoe
724 831 864 910 catalogo
877 833 986 905 lateat3
1009 845 1040 894 et
1054 832 1117 893 sine
1131 834 1244 894 sedium

499 913 665 971 nominibus
692 913 780 990 positi
808 915 868 972 sint
895 913 926 971 in
954 916 1108 973 Canonnm
1137 914 1244 974 colleo-

500 993 630 1052 tionibus
644 993 798 1058 Leontius.
809 1005 839 1053 et
854 995 992 1074 praesules
1005 996 1056 1073 qni
1070 1006 1244 1073 sequnntur.

482 1123 655 1202 Epiphaniae
674 1123 794 1190 Ciliciae,
815 1124 846 1182 in
863 1125 1003 1200 Cntnlogo
1019 1125 1195 1194 isidoriano,
1215 1135 1245 1185 et

500 1205 529 1261 in
560 1204 748 1264 Nicanorem
776 1205 926 1283 Catalogo.
951 1207 1010 1264 vid.
1034 1217 1065 1265 et
1088 1206 1244 1265 Sonomeo.

502 1285 583 1342 Hire.
599 1283 648 1342 iib.
664 1285 684 1343 i.
699 1305 760 1364 esp.
773 1286 820 1344 10.
844 1286 1000 1346 confessor
1013 1286 1081 1346 fuit

480 1411 672 1491 Apameensis
686 1415 715 1472 in
731 1416 890 1496 Coelesyria
908 1417 1072 1497 episeopus.
1089 1428 1173 1496 pater
1187 1416 1245 1476 Ni-

500 1513 605 1560 caenns,
621 1494 690 1554 item
706 1495 961 1556 Neocoesariensis.

480 1623 652 1684 'I'lreodorus
667 1625 774 1684 Lector
785 1627 814 1683 in
830 1625 1009 1684 Nicaenorum
1021 1625 1245 1704 Catologoapnd

501 1708 630 1784 Cyprum
659 1705 782 1765 insulam
811 1707 909 1775 habet,
937 1710 1064 1765 Γιλὰσιος
1091 1709 1245 1778 mbae.

503 1785 660 1864 Catalogus
679 1788 828 1845 eorundem
845 1787 1026 1846 Nieaenorum
1040 1787 1175 1853 Latinus,
1192 1787 1245 1845 Se-

499 1864 581 1923 lanos
595 1865 810 1926 Selanonensis.
854 1867 1125 1927 Neocaerorienrs'um
1147 1877 1244 1925 antem

502 1945 669 2025 Cotnlogur,
685 1946 851 2005 Salaminos
865 1947 903 2006 al.
926 1948 1082 2006 Salminua
1107 1947 1151 2006 At
1165 1967 1244 2013 vero,

500 2027 554 2084 nisi
577 2028 759 2105 praestitisset
782 2027 1057 2089 Neocoernrienrinm
1079 2028 1244 2103 catologus,

500 2107 588 2184 idque
602 2107 730 2166 seeundo
745 2107 808 2166 loco
823 2110 900 2168 inter
910 2109 1057 2188 presules,
1072 2109 1246 2175 Germanus,

500 2187 635 2253 dicerem,
658 2209 692 2246 eo
713 2187 792 2265 quod
813 2187 892 2268 apud
914 2187 1035 2248 eandem
1058 2189 1244 2268 Coelesyriam

505 2267 646 2326 Theodori
660 2268 840 2327 Nicaenernm
855 2269 1013 2349 Catalogns
1022 2271 1244 2345 Σαλαμάνηςΐερ·

498 2351 627 2420 mensim
639 2349 753 2418 habent,
768 2369 804 2408 ex
823 2351 868 2407 his
883 2351 993 2409 Groeeis
1006 2363 1072 2409 orta
1084 2351 1176 2408 fnisse
1190 2352 1246 2409 ista

501 2429 605 2488 Selene
623 2430 790 2488 Gemmeus.
827 2429 878 2488 Ad
891 2432 953 2488 haee
967 2432 997 2488 in
1014 2431 1154 2508 Catnlogo
1172 2451 1245 2509 prae·

499 2509 596 2568 sulum
612 2511 765 2587 utriusque
786 2510 889 2590 synodi
910 2510 1110 2569 Antenierenae
1131 2510 1167 2569 ad
1187 2512 1244 2570 eal·

499 2611 560 2650 cem
578 2591 745 2649 isidorianae
760 2590 913 2649 versionis
927 2590 1067 2650 collocato
1081 2601 1172 2658 extat,
1189 2590 1246 2650 So.

500 2673 637 2740 larneunr,
667 2670 713 2728 vel
740 2671 918 2737 Salaminius,
952 2670 1128 2729 Germanice
1159 2671 1248 2730 Coeler

502 2754 604 2832 Syria
638 2752 697 2811 Sed
711 2750 880 2817 videndum,
895 2770 992 2809 annon
1007 2751 1117 2820 benet
1130 2751 1246 2815 similia.

500 2833 607 2892 ibidem
623 2833 725 2911 posita,
742 2852 777 2891 ex
795 2833 975 2891 Nicanorem
992 2832 1142 2911 Catologs's
1158 2831 1247 2891 ducta

501 2915 622 2973 fuerint.

200 3072 392 3139 Germanns‚”
475 3071 563 3129 Pater
577 3068 832 3127 Neoeoesariensis.

245 3246 347 3309 Porro
360 3252 470 3310 antem
480 3246 513 3310 in
523 3245 720 3331 Dionysiana
732 3244 894 3324 versione,
907 3267 963 3309 seu
975 3245 1084 3311 codiee
1096 3246 1249 3321 Romano,

200 3348 331 3434 Amitae
349 3349 391 3414 ad
407 3349 571 3434 Amphion,
592 3355 626 3414 et
651 3349 822 3413 Germanas
837 3346 878 3411 ad
902 3348 1018 3425 Selom
1039 3348 1145 3432 posita
1161 3356 1248 3421 sunt,

199 3458 353 3536 tanquam
376 3452 402 3517 si
423 3452 515 3517 sedes
536 3450 731 3536 episcopales
753 3472 862 3514 eorum
882 3449 1032 3526 fuissent;
1055 3472 1154 3536 quum
1175 3472 1250 3514 vere
1317 3499 1321 3506 .

200 3562 338 3640 quatuor
358 3554 426 3618 haee
449 3553 577 3617 nomina
599 3553 683 3617 olare
704 3552 884 3617 indieentnr
909 3552 1128 3639 episcoporum
1153 3552 1250 3616 fuisse

200 3656 357 3742 Cataiogo
372 3662 500 3740 patrum
516 3654 829 3727 Neoeaesariensium
845 3660 879 3717 et
897 3653 1250 3739 AlphinsApameensis

199 3758 365 3844 episeopus
379 3758 412 3822 in
427 3756 599 3841 Ooelesyria
612 3755 698 3821 inter
716 3763 826 3841 patres
841 3755 989 3820 Nieaenos
1009 3756 1154 3832 sistatur,
1169 3755 1248 3832 iilos,

199 3867 354 3946 tanquam
369 3861 395 3925 si
410 3860 528 3925 fuerint
544 3860 695 3944 episeopi,
711 3859 770 3923 hoe
791 3859 901 3922 ordine
916 3859 1115 3924 collocandos
1129 3858 1248 3943 putavi,

200 3982 331 4026 numero
346 3984 455 4027 eorum
469 3984 539 4024 xix.
556 3983 615 4045 pro
627 3983 715 4023 xvrn.
725 3960 885 4024 lemmatis
896 3960 1041 4035 lectione,
1052 3961 1100 4025 vel
1111 3982 1169 4045 pro
1181 3982 1249 4022 xm.

200 4084 280 4149 qnos
294 4066 410 4129 Prima
425 4064 567 4150 prason,
590 4070 784 4149 computato.
830 4063 881 4127 Ex
904 4062 953 4127 his
973 4084 1048 4127 vero
1063 4060 1251 4147 praesulibus

201 4166 390 4251 Ancyranis,
407 4167 433 4230 si
449 4166 611 4251 Oatalogis
626 4165 705 4229 fides
726 4165 907 4229 adhibenda
926 4171 988 4241 est,
1004 4163 1149 4229 undeoim
1164 4163 1250 4225 Neo·

200 4289 345 4332 noesarsoe
360 4277 583 4345 convenerunt,
606 4268 727 4345 Vitatis,
744 4270 863 4353 Lepas,
872 4269 906 4331 S.
915 4266 1065 4339 Basilina,
1077 4263 1251 4338 Heraclius,

200 4364 377 4449 Narenos,
407 4373 562 4447 Leontina,
591 4372 756 4456 derepente,
787 4368 949 4454 Amphion,
980 4367 1115 4452 Anthios,
1144 4364 1253 4429 Solous
