3242 5150
370 427 415 498 90
667 421 916 500 llELlQUlAE
943 419 1120 483 SACRAE.

370 597 488 678 αὐτοῖς
499 593 689 698 φροντίδος
700 594 781 693 περὶ
793 592 905 688 ἡμῶν·
923 591 1007 667 ἀλλ’
1023 590 1114 667 οὕτω
1130 590 1187 666 καὶ
1202 591 1418 665 διανοεῖσθαι

368 730 425 806 καὶ
444 725 622 828 πράττειν,
641 730 689 809 ὡς
706 726 827 826 μηκέτ’
845 725 972 803 ὄντων·
1001 724 1134 821 ταύτην
1160 721 1325 823 δευτέραν
1343 718 1415 816 βά-

368 896 483 940 σανον
502 863 559 941 ε’πὶ
577 869 655 944 ταῖς
666 867 826 960 πληγαῖς
843 866 918 937 τῶν
942 858 1157 938 ὑπεναντίων
1180 854 1414 960 ἐφευρόντων.

367 993 464 1092 ἦσαν
494 994 531 1074 δὲ
560 994 594 1074 oi
614 999 672 1074 καὶ
700 993 789 1091 μετὰ
812 992 899 1076 τοὺς
922 990 1108 1089 αἰκισμοὺς
1132 993 1190 1069 ἐπὶ
1216 998 1280 1069 τοῦ
1305 988 1418 1095 ξύλου

367 1131 516 1226 κείμενοι
535 1127 594 1207 διὰ
611 1135 683 1207 τῶν
702 1126 894 1231 τεσσάρων
920 1130 1019 1206 ὀπῶν
1045 1125 1282 1221 διατεταμένοι
1307 1125 1445 1229 ἅμφως

276 1274 277 1277 ’
366 1262 417 1344 τὸ
435 1262 536 1361 πόδε,
552 1268 600 1347 ὡς
618 1267 675 1343 καὶ
700 1265 775 1343 κατ’
797 1262 956 1365 ἀνάγκην
981 1261 1109 1344 αὐτοὺς
1131 1265 1189 1340 ε’πὶ
1215 1268 1277 1340 τοῦ
1304 1260 1418 1365 ξύλου

368 1399 511 1481 ὑπτίους
529 1395 625 1494 εἶναι,
644 1397 694 1497 μὴ
714 1399 925 1496 δυναμένους
944 1397 1002 1476 διὰ
1020 1397 1063 1476 τὸ
1081 1396 1215 1476 ἔναυλα
1237 1392 1284 1472 τὰ
1305 1393 1414 1496 τραύ·

366 1566 463 1628 ματα
482 1530 553 1612 ἀπὸ
572 1539 643 1611 τῶν
661 1539 816 1633 πληγῶν
835 1533 913 1611 καθ
936 1531 1024 1610 ὅλου
1038 1538 1102 1609 τοῦ
1120 1528 1290 1628 σώματος
1311 1528 1415 1632 ἔχειν·

365 1666 477 1768 ἕτεροι
496 1666 533 1746 δὲ
551 1674 599 1750 είς
622 1670 802 1772 τοῦδαφος
825 1668 997 1771 ῥιφέντες,
1016 1666 1147 1747 ἔκειντο
1172 1663 1242 1743 ὑπὸ
1265 1667 1329 1762 τῆς
1347 1670 1419 1742 τῶν

367 1801 542 1893 βασοίνων
561 1800 694 1902 ἀθρόας
711 1804 939 1903 προσβολῆς·
966 1799 1164 1900 δεινοτέραν
1176 1798 1242 1896 τὴν
1254 1797 1342 1903 ὅφιν
1355 1802 1418 1896 τῆς
1433 1828 1466 1866 ¹0

365 1936 540 2034 ἐνεργείας
564 1941 637 2014 τοῖς
664 1935 777 2033 ὁρῶσι
804 1930 1031 2033 παρέχοντες,
1053 1931 1222 2013 ποικίλας
1248 1933 1306 2011 καὶ
1337 1936 1413 2010 δια-

366 2066 500 2172 φόρους
510 2069 548 2145 ίν
558 2073 631 2148 τοῖς
645 2066 796 2162 σώμασι
811 2065 979 2169 φέροντες
992 2070 1065 2142 τῶν
1078 2061 1252 2157 βασάνων
1266 2062 1330 2147 τὰς
1344 2068 1418 2143 ε’πι-

366 2203 473 2284 νοίας.
492 2201 627 2279 τούτων
642 2204 752 2283 οὕτως
765 2203 930 2303 ἐχόντων,
945 2206 978 2278 οἱ
989 2197 1054 2296 μὲν
1065 2198 1331 2298 ἐναπέθνησκον
1341 2207 1418 2281 ταῖς

364 2333 549 2430 βασάνοις,
564 2343 609 2440 τῆ
624 2339 790 2441 καρτερίᾳ
809 2337 1110 2439 καταισχύναντες
1125 2332 1189 2413 τὸν
1204 2335 1415 2414 ἀντίπαλον·

365 2469 450 2550 ciue*
468 2471 655 2570 ἡμιθνῆτες
675 2473 712 2548 ἐν
730 2476 781 2577 τῷ
795 2472 1029 2579 δεσμωτηρίῳ
1043 2469 1325 2569 συγκλειόμεναι,
1339 2473 1415 2566 μετ’
1430 2499 1463 2557 ¹5

365 2608 408 2685 ori
433 2605 579 2689 πολλὰς
606 2602 738 2708 ἡμέρας
765 2612 844 2688 ταῖς
871 2606 1053 2706 ἀλγηδόσι
1080 2604 1312 2710 συνεχόμενοι
1338 2608 1411 2686 ε’τε-

365 2750 536 2823 λειοῦντο.
565 2747 598 2821 οὶ
617 2738 655 2819 δὲ
675 2742 794 2821 λοιποὶ
814 2744 877 2839 τῆς
891 2739 963 2820 ἀπὸ
982 2745 1045 2840 τῆς
1058 2743 1244 2842 θεραπείας
1257 2740 1411 2841 ἀνακτή-

364 2908 457 2959 σεως
469 2873 704 2981 τυχόντες,τῴ
714 2872 833 2981 χρόνῳ
845 2879 903 2953 καὶ
917 2880 963 2978 τῇ
976 2880 1040 2974 τῆς
1053 2880 1220 2979 φυλακῆς
1239 2881 1415 2980 διατριβῇ,

365 3006 654 3110 θαρσαλεώτεροι
668 3009 864 3109 ἐγίγνοντο.
893 3010 985 3087 οὕτω
1003 3016 1091 3114 γοῦν
1109 3010 1212 3106 ῆνίκα
1235 3008 1413 3111 προσετί-

365 3162 425 3201 ram
440 3142 600 3201 habendam
611 3164 691 3203 ease:
714 3144 862 3205 aedcuuc·
914 3165 1002 3223 quarn
1023 3144 1093 3203 dum
1114 3144 1314 3203 cruciarentur
1332 3165 1414 3223 apec-
1427 3164 1464 3204 20

364 3222 535 3285 cocstede
560 3224 643 3285 nohis
676 3224 794 3292 sentire,
823 3226 864 3285 aic
914 3224 1044 3284 taculum
1084 3225 1268 3284 intuentibus
1303 3227 1413 3303 proebe-

363 3323 433 3381 erga
456 3323 510 3361 noa
532 3324 618 3382 agere
641 3305 758 3374 debere,
780 3308 862 3383 quasi
914 3307 995 3375 bant,
1010 3306 1090 3363 varia
1108 3326 1141 3364 ac
1160 3304 1335 3385 multiplicia
1353 3317 1413 3365 tor-

363 3404 423 3446 non
437 3382 562 3462 amplius
577 3384 708 3445 homines
727 3406 862 3445 essemus.
914 3396 1078 3445 mentorum
1110 3386 1276 3463 excogitata
1308 3407 1415 3464 genera

365 3465 454 3525 Hunc
478 3464 588 3524 scilicet
612 3466 772 3528 necandum
796 3487 861 3525 cru·
913 3466 1082 3543 corporibus
1096 3466 1413 3528 auiacircumferentea.

363 3545 471 3603 clatum
503 3556 569 3623 post
602 3548 720 3607 uerbera
752 3547 861 3606 inimici
913 3547 989 3618 Qun
1009 3567 1075 3605 cum
1096 3548 1137 3606 ita
1161 3558 1342 3626 gererentur,
1363 3547 1412 3606 alii
1426 3566 1461 3625 25

363 3625 454 3687 nostri
466 3626 710 3703 excogitaverant.
732 3628 861 3699 Quidam
912 3629 943 3685 in
958 3628 1029 3706 ipaia
1048 3629 1201 3687 tormentis
1217 3628 1413 3706 exspirabant,

362 3705 449 3767 etiam
470 3719 535 3784 post
556 3718 702 3768 tormenta
722 3709 752 3766 in
772 3728 863 3767 nervo
913 3708 1077 3766 constantii
1093 3711 1147 3767 aul
1167 3708 1308 3789 pudorem
1330 3709 1413 3768 incu-

358 3785 515 3862 jacuerunt
524 3808 534 3856 ;
556 3787 679 3865 pedibus
689 3789 725 3847 ad
736 3799 862 3865 quatuor
913 3790 1021 3849 tientea
1033 3787 1210 3848 adversario.
1250 3786 1311 3846 Alii
1327 3788 1414 3847 cemi-

363 3884 455 3942 uaque
464 3866 606 3925 foramina
616 3867 799 3936 divaricatia;
821 3870 862 3927 ita
912 3889 998 3927 necea
1012 3868 1042 3925 in
1056 3889 1198 3929 carcerem
1213 3868 1297 3936 truai,
1313 3868 1413 3947 paucis

362 3957 398 4009 ut
410 3946 508 4023 supini
523 3966 586 4005 esse
600 3960 784 4025 cogerentur,
795 3970 862 4007 cum
912 3960 979 4028 poet
993 3948 1096 4008 diebus
1115 3949 1264 4007 doloribus
1282 3948 1412 4027 oppreaai
1423 3969 1462 4025 30

361 4026 400 4084 ob
435 4038 565 4087 recentes
602 4026 751 4106 plagarum
787 4030 862 4088 cica-
912 4030 1001 4088 uitam
1026 4028 1175 4088 finierunt.
1217 4028 1337 4106 Reliqui
1362 4049 1412 4087 cu·

361 4106 448 4165 trices
462 4125 534 4182 quaa
553 4116 617 4168 toto
638 4128 758 4187 corpore
778 4128 862 4186 gere·
897 4109 1039 4168 vrantium
1074 4109 1210 4168 remediis
1246 4108 1410 4174 refocillati,

362 4186 443 4248 bant.
468 4198 544 4244 atare
568 4187 689 4248 omnino
713 4191 772 4262 ndu
794 4210 860 4265 poa·
912 4202 1043 4268 tempore
1062 4189 1127 4268 ipso
1145 4210 1178 4248 ac
1194 4190 1334 4248 diuturna
1350 4209 1411 4248 car.

362 4278 435 4327 uent.
477 4265 538 4325 Alii
553 4267 635 4343 humi
649 4269 770 4347 projecti
781 4271 860 4346 ,jace-
912 4271 985 4329 ceria
999 4290 1080 4327 mora
1099 4268 1267 4329 fidentiores
1285 4289 1410 4328 evasere.

362 4347 432 4405 bant
457 4366 516 4425 prae
535 4346 624 4429 nimio
649 4360 859 4411 tormentorum
912 4352 1017 4427 ltaque
1031 4371 1096 4409 curn
1118 4362 1219 4429 postea
1236 4349 1458 4425 juberentur35

362 4426 537 4499 acerbitate;
566 4439 596 4486 et
623 4428 718 4492 multo
743 4431 864 4509 gravina
911 4430 1018 4511 eligere
1034 4442 1133 4493 utrum
1144 4430 1276 4497 mallent,
1291 4449 1328 4488 an
1343 4448 1410 4489 con·
