3242 5150
576 387 847 463 PRAEFATIO.
1215 417 1241 466 v

188 572 388 647 hominum
406 571 530 667 quiin
548 571 758 646 Gentilium
778 595 917 649 manus
941 575 1099 650 Divinas
1116 575 1239 673 Scrip-

186 710 297 780 turas
321 705 598 778 comburendas
623 704 870 793 tradiderant,
897 707 987 784 hinc
1012 709 1168 796 exclusi,
1189 733 1239 784 ne

184 837 285 910 mira
301 836 532 922 istanescio
548 857 598 908 an
615 856 806 930 germana,
820 838 918 912 actis
930 838 1136 914 Catholicis
1147 842 1238 935 jun-

183 973 387 1060 gerentum
412 972 483 1040 aut
499 966 551 1041 fel
568 988 656 1040 cum
674 968 796 1054 melle,
810 974 857 1062 ut
872 969 1013 1042 veteris
1029 969 1237 1044 Christiani

184 1099 387 1195 Scriptoris
397 1100 523 1173 verbis
533 1101 870 1186 utanmisceretm.
910 1101 1235 1178 Praeteriitillain

181 1232 437 1306 Conciliorum
451 1232 616 1306 editione
629 1254 701 1306 sua
713 1232 945 1308 Harduinus.
971 1235 1235 1310 Alexandrum

181 1384 295 1458 porro
335 1363 640 1438 Alexandrinum
682 1365 911 1459 episcopum,
948 1367 1022 1441 etsi
1061 1368 1121 1440 vir
1160 1367 1237 1442 fuit

182 1518 333 1570 summe
363 1496 583 1582 catholicus,
614 1497 755 1592 quique
788 1497 975 1571 nonnulla
1003 1504 1095 1573 ante
1123 1521 1237 1595 syno-

182 1627 274 1700 dum
302 1627 499 1702 Nicaenam
526 1627 677 1722 scripsit
700 1627 742 1701 in
769 1629 915 1715 Arium,
936 1636 1067 1704 tamen
1092 1631 1235 1707 idcirco

181 1781 381 1834 enumero
397 1761 534 1832 horum
557 1759 840 1834 Ante-Nicaenae
860 1760 950 1835 fidei
974 1763 1133 1837 testium
1154 1765 1234 1838 exi-

178 1891 364 1966 mendum
386 1912 469 1965 esse
490 1892 620 1978 statui,
644 1892 745 1987 quod
767 1893 809 1965 in
832 1892 904 1965 hoc
924 1892 1102 1980 Concilio,
1123 1896 1235 1988 cujus

178 2025 261 2118 ipse
291 2045 380 2118 pars
406 2044 548 2118 magna
571 2022 657 2108 fuit
683 2021 825 2096 sederit
850 2022 1078 2097 Alexander.
1130 2026 1231 2100 Male

178 2176 269 2229 vero
290 2156 432 2230 omissa
456 2178 482 2229 a
505 2175 568 2228 me
585 2154 708 2227 fateor
727 2153 885 2227 Macarii
907 2154 1096 2249 Magnetis
1116 2155 1232 2252 Frag-

177 2295 321 2375 menta,
356 2289 389 2362 si
422 2294 513 2363 ante
547 2285 737 2381 synodum
771 2284 913 2359 vixerit
945 2287 1232 2364 vetustissimus

177 2425 343 2510 auotor3·
360 2421 427 2494 sed
453 2441 500 2494 ea
523 2419 620 2492 mihi
644 2418 838 2493 insederat
858 2418 994 2514 opinio,
1021 2442 1108 2515 quae
1126 2422 1230 2518 Mag-

176 2559 306 2627 netem
324 2553 571 2649 scriptoribus
587 2551 743 2626 incertae
761 2551 890 2625 oetatis
906 2551 1094 2626 adstruat.
1145 2554 1230 2631 Dis·

174 2686 416 2780 putationem
434 2684 611 2759 Archelai
629 2706 717 2757 cum
740 2683 903 2770 Manete,
921 2706 989 2757 seu
1005 2683 1228 2773 Manichaeo,

173 2818 348 2892 habitam
366 2824 411 2892 ut
428 2818 475 2892 de
501 2818 586 2891 istis
612 2836 880 2911 expungerem,
897 2815 959 2888 vel
982 2815 1148 2889 invitum
1165 2839 1229 2891 me

172 2950 298 3045 coegit
320 2949 535 3046 amplitudo
554 2950 647 3042 ejus.
698 2947 848 3021 Indices
864 2948 1107 3036 necessarios,
1124 2956 1227 3024 certe

171 3082 299 3167 utiles,
316 3081 447 3177 adjeci,
466 3082 533 3155 sed
555 3079 790 3154 commodius
816 3081 888 3154 hoc
910 3086 1019 3153 ratus
1040 3081 1081 3152 in
1103 3102 1225 3154 unum

169 3213 348 3287 redactos
364 3212 539 3308 praestiti.
590 3212 640 3285 Et
650 3212 734 3305 jam
751 3212 917 3307 peractis
928 3211 1105 3285 omnibus
1121 3213 1225 3308 longi

168 3344 298 3438 operis
322 3344 496 3439 partibus
522 3344 601 3417 Deo
626 3342 883 3415 conservatori
906 3342 1118 3416 maximam
1140 3366 1226 3438 gra-

168 3477 269 3549 tiam
287 3476 417 3561 habeo,
435 3475 538 3570 quod
554 3475 664 3547 licuit
679 3473 775 3546 mihi
792 3494 842 3546 ex
860 3474 1028 3547 ecclesiae
1042 3474 1226 3547 thesauro

168 3614 305 3681 vetera
338 3608 454 3693 istaec
481 3611 541 3679 tot
565 3605 699 3700 utique
724 3609 764 3677 et
789 3604 899 3691 tanti,
926 3605 967 3676 ni
992 3604 1113 3692 fallor,
1143 3627 1224 3679 mo-

105 3723 109 3731 ’
167 3738 302 3823 menti,
320 3738 369 3812 ad
388 3759 629 3811 communem
645 3736 814 3832 proferre
831 3759 955 3810 usum.
999 3737 1065 3824 Tu,
1079 3737 1222 3825 Lector,

167 3874 200 3945 si
217 3873 294 3945 hoc
310 3871 490 3944 convenit
499 3870 645 3964 judicio
662 3875 740 3955 tuo,
757 3867 805 3941 iis
821 3868 956 3956 fruere,
974 3891 1020 3942 ac
1036 3870 1132 3943 vale.
