3242 5150
389 437 431 499 40
685 429 933 508 RELIQUIAE
959 429 1138 494 SACRAE.

388 602 516 688 αὐτούς
541 603 752 686 παντάπασι
778 603 946 705 γενέσθω
973 601 1047 682 ἀπὸ
1069 600 1192 700 πόσης
1216 599 1352 691 κακίαις,
1370 602 1436 680 ούκ

388 732 489 812 ἔστιν
508 731 672 834 ἔγκλημα
688 729 902 835 προσάγειν.
933 729 1059 832 ζημίαν
1076 727 1149 831 γὰρ
1171 729 1231 809 καὶ
1252 726 1436 807 ἀπώλειαν

388 864 581 972 χρημάτων
594 865 796 968 ὑπήνεγκαν
807 865 867 944 ἵνα
875 862 927 963 μὴ
940 861 1006 963 τὴν
1024 862 1151 968 {mxiv
1162 864 1298 942 ἑαντῶν
1308 861 1436 964 ζημιω-

388 1009 504 1085 θῶσιν
530 1001 553 1103 ἢ
578 1002 825 1091 ἀπολέσωσιν,
850 998 938 1102 ὅπερ
966 998 1076 1077 ἄλλοι
1105 994 1197 1077 κατὰ
1218 996 1432 1100 αίσχροκέρ·
1511 989 1530 1001 “

388 1141 484 1217 δειαν
502 1138 544 1216 ού
561 1133 790 1235 πεποιήκασι,
806 1137 865 1214 καὶ
884 1133 942 1212 τοί
955 1165 998 1233 γε
1016 1139 1081 1211 τοῦ
1101 1132 1236 1234 Κυρίου
1253 1132 1464 1232 λέγοντος·5

388 1271 468 1352 *Ti
489 1270 561 1375 γὰρ
586 1269 770 1379 ὠφελήσει
794 1269 983 1372 ἅνθρωπος
1008 1264 1069 1346 ἐὰν
1091 1264 1155 1346 τὸν
1181 1265 1322 1364 κόσμον
1347 1265 1436 1346 ὅλον

387 1403 556 1511 κερδήσῃ,
580 1403 647 1504 τὴν
672 1403 709 1484 δὲ
733 1400 860 1512 ψυχὴν
883 1404 992 1482 αὑτοῦ
1015 1398 1215 1505 ζημιοθῇῆ
1238 1401 1431 1505 ἀπολέσω

388 1546 456 1640 καὶ,
476 1538 586 1621 '’“On
605 1542 647 1620 οὐ
673 1539 832 1621 δύνασθε
853 1545 936 1645 Θεῷ
963 1537 1142 1618 δουλεύειν
1160 1538 1219 1616 καὶ
1241 1542 1433 1642 μαμμοινᾷ.

387 1673 576 1782 ἐφάνησαν
593 1676 666 1780 γὰρ
683 1677 766 1780 παρ’
786 1676 928 1758 ἐκείνων
945 1676 1016 1774 (for.
1033 1676 1158 1780 ἐκεῖνο)
1178 1677 1230 1779 τῷ
1248 1677 1332 1778 θεῷ
1354 1675 1437 1750 δον·

388 1809 561 1908 λεύοντες,
578 1809 625 1889 τὰ
637 1809 790 1912 ἀργύρια
803 1807 1025 1908 μισήσαντες
1039 1811 1098 1887 καὶ
1107 1805 1436 1906 καταπατήσαντες,
1449 1851 1488 1890 ιο

388 1946 446 2022 καὶ
465 1942 804 2048 καταφρονήσαντες
823 1943 951 2021 αὐτῶν·
976 1938 1241 2045 ἀνεπλήρονσοίν
1261 1975 1300 2021 τε
1323 1945 1382 2020 καὶ
1398 1944 1437 2019 ἐν
1460 1952 1464 1958 ’

387 2078 502 2184 τούτῳ
519 2076 561 2157 τὸ
579 2075 837 2179 γεγραμμένον,
856 2076 1025 2180 οΛύτρον
1037 2075 1166 2180 ἀνδρὸς
1179 2077 1302 2181 ψυχῆς
1315 2077 1335 2154 ὃ
1349 2075 1437 2159 ἴδιος

387 2219 557 2294 πλοῦτος·
587 2213 663 2291 ἐπεὶ
688 2213 746 2290 καὶ
769 2211 806 2290 ε’ν
829 2219 907 2295 ταῖς
931 2209 1090 2317 πράξεσι
1120 2217 1193 2290 τόν
1216 2208 1436 2290 ἀποστόλων

388 2345 591 2447 ἀνέγνωμεν
616 2343 698 2428 τούς
722 2344 897 2450 σνρέντας
919 2348 999 2425 ἀντὶ
1018 2344 1169 2426 Παύλου
1194 2349 1253 2424 καὶ
1278 2345 1375 2425 Σίλα
1397 2346 1437 2423 ἐν

388 2481 647 2587 Θεσσαλονίκῃ
671 2483 728 2561 ἐπὶ
749 2479 832 2564 τοὺς
855 2479 1198 2586 πολιτάρχας,·μετὰ
1218 2485 1436 2582 πλησμονῆς
1449 2533 1485 2592 ¹5

739 2614 884 2646 λλλ

387 2615 644 2701 ἀπολυθέντας.
663 2651 754 2715 μετα
765 2649 838 2720 γαρ
848 2649 891 2696 το
906 2620 1159 2718 καταβορῆσαι
1171 2613 1298 2699 αύτούς
1310 2612 1437 2696 πολλὰ

387 2749 506 2829 διὰτὸ
525 2750 638 2850 ὄνομα
656 2756 715 2831 καὶ
734 2749 907 2857 11ταράξαι
926 2749 990 2831 τόν
1008 2749 1121 2854 ὄχλον
1139 2752 1198 2829 καὶ
1219 2748 1301 2833 τοὺς
1324 2762 1431 2830 πολι-

388 2884 537 2987 τάρχας,
560 2884 753 2982 Λαβόντες,
767 2888 874 2991 φησὶ,
885 2882 927 2965 τό
947 2882 1068 2963 ἱκανὸν
1081 2882 1181 2986 παρὰ
1194 2891 1258 2962 τοῦ
1272 2883 1435 2967 Ἰάσονος

388 3021 445 3097 καὶ
477 3023 550 3097 τῶν
582 3024 720 3097 λοιπῶν
753 3020 943 3098 ἀπελύσαν
973 3017 1111 3102 αύτούς.
1153 3023 1186 3096 οἱ
1215 3016 1254 3095 δὲ
1283 3018 1436 3124 ἀδελφοὶ

388 3194 497 3252 essent,
514 3184 622 3243 crimen
636 3183 748 3243 intendi
760 3205 819 3244 non
834 3206 886 3266 po·
937 3186 1099 3251 culcarunt,
1140 3194 1435 3264 contempseruntque
1448 3208 1486 3247 20

388 3276 455 3325 tect.
491 3265 639 3323 Damnum
654 3265 731 3323 enim
746 3277 776 3325 et
790 3267 887 3344 jactu.
937 3268 1084 3346 pecunias,
1106 3277 1136 3324 et
1159 3266 1190 3322 in
1215 3284 1250 3323 eo
1274 3264 1434 3343 compleve-

387 3365 447 3403 ram
467 3344 655 3424 pecuniarum
673 3346 886 3415 sustinuerunt,
938 3356 1008 3405 runt
1025 3346 1104 3423 quod
1117 3346 1336 3425 scriptumest:
1363 3344 1434 3402 Pre-

387 3446 424 3483 ne
435 3425 538 3484 animae
550 3423 726 3484 detrimento
740 3426 887 3486 afficeren-
938 3428 1007 3485 tium
1022 3426 1220 3505 redemptionis
1234 3425 1343 3492 anime,
1362 3424 1435 3481 divi·

387 3516 446 3572 tur,
456 3505 503 3563 vel
513 3505 603 3583 ipsam
614 3505 700 3563 etiam
714 3506 885 3585 perderent:
938 3508 984 3565 tioe
994 3527 1049 3585 pro
1088 3510 1125 3562 ⁴.
1169 3506 1247 3563 Nam
1264 3505 1295 3562 in
1310 3503 1436 3563 Actibus

387 3585 464 3662 quod
477 3584 526 3643 alii
541 3594 660 3664 propter
670 3594 757 3664 turpe
771 3585 885 3645 lucrum
936 3526 1148 3665 Apostoffim
1168 3584 1293 3663 legimus
1311 3606 1369 3653 eos,
1384 3585 1434 3661 qui
1448 3610 1463 3649 2
1467 3611 1484 3668 5

387 3684 446 3723 non
460 3666 611 3734 iecerunt;
633 3667 765 3742 quamvis
781 3667 887 3725 Domi.
936 3688 990 3745 pro
1002 3667 1096 3725 Paulo
1104 3678 1135 3726 et
1147 3665 1208 3725 Sila
1222 3664 1435 3729 Thessalonice

387 3764 443 3803 nus
462 3746 557 3805 dicat:
582 3744 659 3811 Quid
680 3746 752 3804 enim
771 3748 886 3826 prodeat
936 3746 973 3806 ad
1009 3747 1196 3825 magistratus
1236 3746 1435 3809 trahebantur,

387 3825 501 3892 homini,
523 3824 550 3883 ai
570 3826 731 3885 uniuersum
752 3826 886 3885 υιιιπθιακ
937 3848 1002 3886 cum
1018 3826 1119 3886 multis
1137 3826 1269 3905 pecuniis
1285 3826 1377 3884 tuisse
1391 3823 1435 3882 di·

387 3904 524 3971 lueretur,
540 3905 643 3965 uniraoe
654 3926 718 3966 cero
729 3928 786 3966 auoe
798 3906 888 3965 detri-
937 3908 1047 3966 missos.
1091 3908 1248 3984 Postquam
1266 3905 1343 3963 enim
1358 3905 1436 3984 ipsos

386 3994 507 4043 mentum
519 3984 679 4063 patiatur?
701 3998 732 4046 et
752 4006 886 4045 rursum:
938 3998 1056 4067 propter
1088 4006 1194 4046 nomen
1222 3984 1306 4044 valde
1333 4005 1435 4044 vexas-
1445 4012 1485 4071 30

388 4064 456 4122 Non
491 4066 611 4142 pateatis
642 4068 704 4126 Deo
731 4066 839 4126 seruire
862 4075 888 4125 et
938 4066 1274 4136 sent,etmultitudinem
1284 4067 1435 4143 magistra-

387 4162 560 4203 mammcnoe.
580 4143 743 4204 lneoenim
756 4147 889 4206 visisunt
938 4158 1044 4224 tuaque
1058 4147 1287 4226 perturbassent,
1300 4145 1336 4203 (ιδ
1349 4144 1436 4205 Ιαιο-

286 4258 291 4265 ·
392 4223 458 4281 Deo
467 4224 574 4283 servire
585 4225 663 4302 quod
674 4226 809 4296 oderunt,
820 4247 890 4286 con.
939 4246 983 4297 ne,
1003 4228 1109 4305 inquit,
1124 4235 1150 4284 et
1171 4226 1290 4305 reliquis
1310 4225 1436 4283 antiade-

550 4352 654 4401 ssMarc.
667 4354 716 4402 viii.
729 4354 769 4415 36.
1052 4356 1141 4405 huss
1155 4356 1187 4403 vi.
1200 4368 1239 4414 24.

551 4427 563 4457 ο
578 4418 648 4466 Ρτοτ.
657 4420 708 4466 xiii.
717 4418 741 4467 8.
1045 4423 1060 4461 d
1072 4422 1128 4469 Act.
1136 4421 1195 4468 xvii.
1206 4421 1260 4482 8,9,
1273 4435 1309 4468 ro.
