3242 5150
377 387 441 451 100
720 385 1077 451 ANNOTATIONES

377 556 448 620 bius
471 557 503 620 in
527 555 580 620 lib.
608 556 656 620 De
675 557 814 641 Μοννυν.
837 557 962 622 Palati.
986 580 1056 643 cop.
1070 577 1099 621 ο.
1125 557 1211 642 opud
1229 557 1313 622 [ret.
1337 557 1422 622 Eccl.

378 657 557 721 Romanum
579 657 626 722 uit
648 662 688 743 τῷ
712 660 792 744 irps‘p
815 665 1021 741 προσδεῖσθαι,
1045 659 1207 746 cuiqam
1227 681 1286 724 mo
1306 660 1352 724 ad
1368 661 1422 724 ee·-

369 767 527 945 Plli'llbp
542 862 563 926 l.
577 863 625 926 18.
641 863 676 926 cb
684 865 742 944 γδρ
753 863 843 948 εἶναι]
854 864 892 943 ἦν
903 885 962 949 pro
973 864 1049 930 εἶναι
1062 863 1320 951 dintecptmoei
1329 866 1425 933 hocs.

379 962 441 1028 Sed
465 964 542 1029 mibi
564 964 691 1050 quidem
712 988 733 1030 e
751 966 854 1030 forme
874 967 998 1031 directo
1016 967 1154 1032 transire
1174 969 1279 1033 cretio
1301 968 1427 1032 videtur

377 1066 420 1133 sd
435 1065 604 1150 obliquam,
621 1067 705 1131 siout
719 1067 751 1130 iu
766 1067 895 1133 vocibus
908 1069 1052 1153 proxime
1066 1070 1281 1156 sequentibus.
1326 1068 1426 1133 Hsud

379 1165 463 1232 enim
481 1168 637 1234 satisfacit
659 1168 774 1234 valesii
793 1170 906 1247 versio,
920 1173 1029 1257 Neque
1049 1173 1129 1236 enim
1148 1171 1249 1236 ct'slct
1269 1170 1318 1236 cel
1336 1169 1427 1234 esici·

380 1293 462 1334 mam
478 1271 574 1340 nostri
598 1294 705 1336 οννουυ
722 1271 889 1337 labeculam
906 1296 965 1339 ecee
989 1276 1047 1342 διο.
1090 1275 1171 1360 Ejus
1197 1282 1305 1340 temen
1331 1294 1427 1358 expo

379 1373 486 1439 sitioni
514 1375 682 1439 verborum
706 1374 908 1461 aliquetenus
934 1377 1040 1441 favere
1065 1377 1191 1441 videtur
1219 1376 1324 1443 oratio
1346 1397 1427 1461 prns-

380 1475 458 1541 sidis
489 1478 522 1542 in
551 1477 645 1551 Actis
678 1480 861 1562 Martyrmn
893 1479 1039 1557 Turseli,
1072 1477 1172 1543 Probi
1199 1488 1228 1542 et
1256 1477 1428 1542 Andronici

381 1579 542 1644 eVelesio
553 1601 627 1644 mox
639 1580 744 1648 allatis
754 1582 897 1646 advoces
907 1582 956 1645 ἐπὶ
966 1584 1116 1660 τοῦξόδου
1128 1583 1265 1661 κείμενοι.
1293 1579 1428 1644 Habent

380 1703 471 1746 verso
485 1682 596 1747 ordine
611 1684 768 1764 φροντίδος
782 1685 882 1756 αὐτοῖς
905 1683 999 1748 MSS.
1020 1683 1109 1747 Bodl.
1126 1690 1160 1748 et
1178 1683 1316 1767 Norfob).
1335 1681 1430 1745 Nios-

373 1783 561 1870 pleneque,
577 1784 630 1868 qui
653 1791 761 1849 temen
781 1785 927 1867 φροντίδα
948 1785 1064 1870 posuit.
1110 1785 1173 1849 His
1187 1786 1319 1850 MSStis
1337 1783 1430 1852 addit

381 1887 545 1954 Burtonus
559 1886 646 1950 codd.
663 1887 751 1952 Mcz.
770 1885 853 1950 Mod.
865 1887 975 1955 Fskct.
990 1886 1098 1949 Ρονίκ.
1114 1885 1374 1968 Fbrmisosque.

425 1989 462 2050 P.
471 2006 522 2069 90.
539 1986 559 2056 l,
577 2007 602 2050 1.
617 1989 693 2050 otro
708 1989 756 2052 nal
767 1989 964 2071 διανοεῖσθαι]
983 1987 1098 2053 Nostri
1109 1986 1233 2050 codices
1243 1987 1327 2052 Maz.
1340 1985 1430 2049 Med.

380 2097 415 2154 et
436 2089 519 2152 Fuk.
543 2109 650 2152 vocem
672 2089 796 2154 addunt
817 2089 878 2152 hoc
902 2090 999 2152 modo
1023 2091 1098 2158 οὕτω
1122 2090 1245 2156 ἐδόκουν
1266 2089 1432 2154 δίον-ο

382 2189 546 2254 Vsunmus.
570 2191 645 2256 οὕτω
657 2192 777 2258 ἐδόκουν
787 2192 836 2258 καὶ
846 2195 871 2253 δ.
886 2189 1145 2281 θδήυδορδονυονὶ
1153 2189 1247 2260 Lecti.
1280 2187 1431 2273 Recepit·

381 2315 443 2378 que
458 2294 533 2362 cliro
549 2291 669 2354 ἐδόκουν
685 2289 913 2355 Heinichenus.
950 2290 1043 2353 Nunc
1057 2310 1131 2353 vero
1145 2288 1283 2379 reliquos
1298 2289 1432 2352 Moses

382 2393 642 2480 Maspioi-umque
653 2414 759 2456 vocem
772 2394 894 2456 ἐδόκουν
902 2392 1023 2457 nescire
1034 2392 1132 2456 refert
1143 2393 1315 2466 Burtonus,
1327 2391 1432 2456 addit

382 2519 443 2585 que
458 2497 521 2562 cod.
536 2495 731 2564 brebem
745 2495 780 2558 ln
792 2492 1001 2579 Sepplomento
1014 2495 1170 2558 Νοτονυνο
1180 2494 1405 2558 Heinichcnus.

429 2600 512 2665 ibid.
538 2599 559 2665 l.
574 2618 604 2663 α.
627 2599 735 2677 ταύτην
756 2595 898 2679 δευτέρον
915 2597 1070 2682 βόοονον]
1093 2597 1321 2682 Rsptctionem
1341 2593 1432 2661 intel·

382 2704 462 2789 ligit.
508 2701 635 2765 Primus
654 2700 738 2764 enim
755 2699 915 2765 omoictus
933 2706 1004 2765 erat
1024 2700 1189 2766 verberum
1209 2722 1247 2764 sc
1266 2699 1433 2785 plagarum

384 2815 418 2871 et
433 2804 633 2890 ungularum.
672 2802 835 2869 Secundus
852 2810 890 2866 ut
911 2802 999 2865 humi
1021 2801 1156 2887 depositi
1178 2802 1385 2866 traherentur
1398 2807 1433 2865 et

384 2914 590 2991 raptarentur
614 2906 647 2970 in
673 2926 841 2970 carcerem.
872 2903 1053 2970 Vetusius.
1084 2908 1193 2983 ταύτην
1218 2903 1243 2969 δ’
1269 2902 1375 2986 ἑτέραν
1398 2909 1431 2982 β.

387 3007 712 3092 occumberemus.

430 3109 511 3178 ibid.
527 3109 547 3174 l.
557 3129 588 3194 3.
603 3110 804 3191 πληγαῖς-οἳ
819 3109 866 3173 καὶ
879 3111 967 3193 μετὰ]
985 3110 1104 3174 beluam
1118 3108 1148 3172 ol
1161 3109 1333 3177 ὑπενάννιοι
1343 3108 1432 3191 ddcci-

384 3239 449 3297 ρον,
464 3213 544 3291 ἦσαν
558 3214 588 3277 oi
601 3214 656 3293 μὲν
670 3215 745 3292 μετὰ
763 3210 979 3297 θδήυδορδονο.
995 3212 1090 3274 laon
1108 3218 1142 3275 et
1156 3211 1274 3294 Ινδνη).

430 3314 512 3383 lbld.
527 3315 547 3378 l.
560 3336 590 3393 4.
612 3316 662 3380 ἐπὶ
683 3320 735 3380 τοῦ
757 3314 849 3393 ξύλου
871 3315 1013 3397 κείμενοι]
1033 3313 1174 3378 Pessime
1190 3312 1318 3398 [oengus
1332 3318 1435 3377 cutus·

386 3423 455 3481 tum
468 3415 575 3492 vertit,
589 3414 639 3479 bic
654 3414 737 3479 enim
754 3414 786 3479 rb
801 3418 893 3494 ξόλον
906 3416 1001 3481 aliter
1014 3416 1151 3481 sumitur
1163 3438 1202 3480 ec
1213 3437 1319 3500 supro.
1350 3416 1435 3481 Nem

386 3538 483 3602 supra
505 3516 632 3601 quidem
657 3516 787 3601 ponitur
815 3539 874 3603 pro
898 3516 1016 3594 eculeo,
1042 3525 1080 3584 ut
1105 3540 1146 3582 ex
1176 3517 1293 3581 Rufino
1316 3516 1436 3581 monui-

388 3642 466 3683 mus.
512 3619 577 3683 Hic
608 3640 682 3684 vero
713 3641 771 3709 pro
801 3642 898 3687 nervo
928 3621 1067 3706 ponitur,
1097 3620 1130 3684 id
1156 3628 1205 3684 est
1232 3620 1437 3705 compedibus

387 3722 508 3807 ligneis.
553 3722 682 3807 Deque
704 3722 933 3809 significatione
952 3723 1055 3788 multe
1070 3723 1138 3807 jum
1157 3722 1223 3786 dixi
1244 3724 1278 3786 in
1297 3721 1436 3807 superio·

387 3824 475 3889 ribus
490 3824 586 3888 libris.
633 3823 740 3889 Latini
755 3825 854 3889 etium
872 3824 991 3910 lignum
1013 3846 1051 3889 eo
1069 3847 1163 3889 sensu
1182 3823 1340 3895 dixerunt.
1385 3825 1437 3889 De

387 3926 437 3993 his
460 3926 663 4011 compedibus
684 3926 907 4013 intelligendus
927 3935 977 3992 est
996 3926 1083 3991 locus
1102 3927 1135 3991 in
1150 3927 1244 3992 Actis
1261 3935 1437 4011 martyrum

388 4028 535 4105 Terachi
552 4026 660 4104 Probi,
676 4036 710 4093 et
725 4028 910 4094 Andronici.
948 4030 1025 4093 dem
1038 4027 1209 4094 verberatus
1221 4038 1301 4102 eset,
1317 4030 1439 4097 Proesce

387 4130 490 4197 duit,-
512 4130 620 4194 mlttlts
633 4129 815 4214 illisorum
823 4152 884 4215 per
897 4142 1027 4216 quotuor
1041 4130 1106 4195 loca
1116 4153 1282 4209 υουοννου,
1294 4141 1324 4194 et
1334 4129 1439 4194 dimit-

388 4242 478 4296 tentes
506 4231 645 4319 aliquem
673 4254 779 4297 ceram
803 4234 833 4297 ei
858 4255 1014 4319 apponere.
1060 4232 1106 4298 Et
1130 4234 1162 4297 in
1189 4232 1278 4297 Actis
1305 4229 1437 4297 Lucisni

390 4334 547 4424 martyris.
591 4334 739 4426 Synosius
754 4336 786 4405 in
806 4336 951 4402 cretione
971 4336 1011 4400 de
1031 4357 1129 4421 regno
1149 4336 1209 4399 ἀλλ
1232 4335 1305 4419 odys
1318 4339 1437 4416 μᾶλλον
