3242 5150
338 351 381 414 ΒΩ
639 343 891 421 RELIQUIAE
909 341 1085 407 SACRAE.

340 521 471 603 δίκαιος
488 522 547 598 καὶ
564 515 820 617 ἀναστήσεται.
841 514 929 620 ὅπερ
947 522 976 596 εἰ
994 518 1052 594 καὶ
1072 509 1203 596 πάντες
1228 515 1261 591 οἱ
1287 511 1388 588 ἐκπε-

340 651 519 737 πτωκότες
533 651 784 752 πεποιήκεσαν,
798 649 1024 750 τελειοτάτην
1035 652 1094 728 καὶ
1105 642 1316 749 ὁλοκάρδιον
1325 676 1386 742 με·

341 791 484 871 τανοίαν
500 787 716 895 ἐνεδείξαντο
737 787 811 886 (cor.
824 785 1014 886 μετανοίαν
1033 781 1078 863 ἂν
1096 781 1342 886 ἐνεδείξαντο).

731 1001 915 1079 ΚΑΝΩΝ
943 1002 993 1076 Θ.

400 1156 472 1232 Καὶ
489 1159 562 1235 τοῖς
581 1149 620 1230 δὲ
639 1154 686 1234 ὡς
705 1148 750 1229 ἂν
768 1151 813 1256 ἐξ
829 1153 941 1230 ὕπνου
969 1150 1105 1231 ἑαυτοῖς
1126 1147 1389 1247 παραπηδῶσιν
1398 1177 1415 1234 5

342 1295 390 1373 εἰς
404 1287 468 1368 τδν
481 1290 613 1388 ἀγῶνα,
623 1289 794 1367 ὠδίνοντα
808 1289 866 1366 καὶ
883 1285 1071 1385 μέλλοντα
1081 1282 1243 1378 ἑλκύσαι,
1254 1282 1389 1361 ἑαυτοῖς

343 1425 380 1506 δέ
392 1421 595 1528 πειρασμὸν
606 1422 912 1522 ἐπισπασαμένοις
924 1419 1213 1522 θαλαττομαχίας
1227 1419 1286 1496 καὶ
1296 1425 1391 1494 πολ-

343 1565 411 1660 λῆς
422 1557 669 1658 κυματῶσεως,
683 1555 876 1658 μᾶλλονδὲ
888 1560 947 1635 καὶ
959 1563 1032 1639 τοῖς
1047 1557 1216 1660 ἀδελφοῖς
1226 1583 1386 1656 προσεκ-

343 1695 505 1775 καίουσιν
515 1693 694 1796 ἄνθρακας
705 1695 939 1794 ἁμαρτωλῶν·
954 1695 1012 1768 καὶ
1023 1691 1140 1774 αὐτοῖς
1152 1690 1390 1788 κοινωνητέον,

342 1830 404 1909 άτε
423 1827 467 1927 δὴ
486 1831 523 1906 ἐν
541 1824 686 1925 ὀνόματι
699 1831 864 1928 Χριστοῦ
881 1824 1156 1928 παρερχομένοις
1171 1829 1219 1908 εἰς
1232 1831 1348 1921 τοῦτο,
1362 1828 1392 1904 εί
1406 1861 1441 1899 ιο

344 1966 402 2043 καὶ
416 1960 468 2060 μὴ
492 1959 737 2064 προσέχουσιν
763 1959 873 2037 αὐτοῦ
899 1964 971 2041 τοῖς
1000 1955 1122 2058 λάροις
1150 1954 1392 2054 διδάσκοντος,

345 2094 630 2199 “προσειίχεσθαι
647 2092 698 2192 μὴ
716 2099 891 2173 εἰσελθεῖν
908 2098 956 2176 είς
973 2091 1186 2196 πειρασμὸν,
1205 2095 1263 2172 καὶ
1280 2091 1393 2172 πάλιν

345 2235 383 2312 έν
402 2233 487 2336 εὐχῇ
506 2229 625 2331 λέγειν
641 2235 693 2335 τῷ
710 2231 830 2330 πατρὶ,
846 2225 942 2307 ι)Καὶ
959 2224 1009 2325 μὴ
1023 2228 1223 2332 εἰσενέγκῃς
1237 2228 1329 2326 ἡμᾶς
1345 2232 1393 2310 εἰς

346 2362 557 2470 πειρασμὸν,
577 2361 677 2442 ἀλλὰ
693 2365 803 2467 ῥῦσαι
822 2363 914 2461 ἡμᾶς
932 2361 1004 2441 άπὸ
1021 2369 1086 2441 τοῦ
1103 2369 1271 2463 πονηροῦ·
1305 2359 1393 2443 ἴσως

349 2498 460 2581 δὲκαὶ
478 2502 651 2602 ἀγνοοῦσι
669 2496 733 2583 τὰς
750 2495 930 2580 πολλάκις
947 2496 1133 2599 γινομένας
1151 2492 1395 2599 ἀναχωρήσεις

348 2645 412 2717 τοῦ
431 2632 684 2716 οἱκοδεσπάτου
701 2637 759 2713 καὶ
778 2631 1000 2713 διδασκάλου
1018 2632 1119 2731 ἡμῶν
1136 2630 1208 2710 ἀπὸ
1231 2637 1304 2709 τῶν
1332 2638 1390 2711 θε·
1408 2656 1444 2713 15

350 2770 489 2851 λόντων
507 2767 759 2865 ἐπιβουλεύειν,
777 2770 834 2847 καὶ
854 2768 909 2846 ὅτι
927 2769 1003 2846 ἐσθ’
1031 2766 1090 2844 ὅτε
1109 2763 1188 2844 οὐδὲ
1212 2766 1397 2871 παρρησίᾳ

350 2901 550 3007 περιεπάτει
578 2904 620 2982 δι’
650 2900 785 2997 αὐτοὺς,
809 2904 867 2980 καὶ
886 2902 950 2999 δτι,
975 2906 1032 2981 καὶ
1060 2901 1117 2981 ὅτε
1142 2902 1162 2979 ὁ
1189 2900 1308 3005 καιρὸς
1333 2909 1398 2980 τοῦ

352 3110 468 3188 quidem
484 3110 507 3169 si
522 3132 622 3171 omnes
640 3131 756 3189 quoque
773 3111 846 3191 lapsi
897 3112 1168 3172 communicandum
1185 3122 1239 3181 est,
1251 3122 1285 3171 ut
1299 3111 1348 3190 qui
1365 3112 1395 3169 in

352 3192 498 3258 fecissent,
534 3192 782 3271 perfectissimam,
817 3202 848 3251 et
898 3193 1016 3251 nomine
1031 3193 1141 3251 Christi
1155 3198 1192 3256 ad
1209 3196 1239 3254 id
1260 3194 1394 3252 veniant:

352 3282 415 3329 toto
430 3272 516 3331 corde
530 3284 692 3351 susceptam
703 3274 848 3351 poeniten-
899 3273 953 3331 etsi
969 3272 1055 3330 verba
1069 3274 1133 3350 ejus
1148 3297 1206 3336 non
1217 3273 1397 3334 animadver·
1409 3300 1447 3339 ιο

352 3352 422 3409 tiam
437 3353 640 3411 ostendissent.
899 3364 978 3420 tunt,
993 3350 1149 3430 quigdocet
1170 3375 1263 3423 orare,
1284 3364 1317 3412 ut
1338 3372 1396 3410 non

900 3432 1042 3491 intremus
1067 3434 1097 3491 in
1122 3438 1334 3503 tentationem
1366 3442 1396 3489 et

485 3496 637 3555 ΟΑΝΟΝ
659 3496 716 3554 IX·
902 3512 982 3569 Patri
994 3533 1095 3571 rursus
1105 3516 1134 3571 in
1143 3517 1274 3575 oratioue
1283 3513 1396 3572 dicere:

394 3592 436 3650 Iis
448 3613 565 3671 quoque
580 3594 629 3669 qui
644 3605 790 3670 tamquam
814 3614 851 3653 ex
903 3594 940 3651 Et
955 3614 989 3650 ne
1009 3614 1060 3651 nos
1078 3594 1199 3655 inducas
1219 3596 1247 3654 in
1266 3592 1396 3652 tentatio·

353 3692 454 3731 somno
473 3673 509 3731 ad
529 3684 685 3740 certamen,
700 3674 778 3751 quod
800 3675 850 3734 ad·
902 3693 973 3739 aera.
999 3674 1051 3731 sed
1078 3674 1169 3734 libera
1198 3696 1249 3734 nos
1272 3696 1291 3731 ο
1315 3672 1446 3744 molo.25

353 3752 410 3810 huo
437 3754 572 3830 parturit,
601 3754 724 3814 necdum
755 3756 852 3834 erupit
903 3752 1038 3811 Fortasse
1052 3765 1148 3813 autem
1164 3755 1251 3813 etiam
1264 3755 1398 3831 ignorant

353 3843 462 3910 aperte,
473 3832 628 3911 prosiliunt
634 3856 642 3903 ς
657 3835 708 3912 qui
718 3834 771 3894 sibi
781 3835 852 3913 ipsis
902 3845 1031 3891 nostrum
1041 3845 1152 3911 patrem
1163 3834 1287 3892 familias
1297 3843 1327 3892 et
1337 3832 1398 3890 Do·

354 3912 544 3970 tentationem
580 3923 741 3979 accersunt,
777 3925 851 3973 tem·
903 3914 1014 3972 minum
1038 3923 1169 3972 nostrum
1191 3934 1267 3992 sape
1291 3914 1328 3971 ab
1355 3911 1399 3978 iis,

353 4002 554 4070 pestatemque
568 4004 598 4051 et
613 3992 727 4061 fluctus,
739 3994 786 4053 vel
800 4013 852 4072 po.
903 3994 952 4067 qui
975 3993 1018 4050 illi
1039 3993 1169 4051 insidiari
1190 3994 1336 4061 volebant,
1355 4012 1400 4050 se-

355 4071 414 4129 tius
428 4071 568 4130 fratribus
582 4074 719 4132 carbones
734 4094 853 4152 peomn-
903 4073 1039 4142 cessisse,·
1066 4084 1096 4130 et
1116 4072 1290 4151 quandoque
1310 4072 1400 4130 etiam
1410 4096 1450 4151 30

354 4150 428 4209 tium
444 4151 625 4211 accendunt:
651 4153 721 4232 ipsis
736 4174 852 4231 quoque
903 4151 992 4212 libere
1003 4151 1080 4229 apud
1092 4172 1142 4211 eos
1150 4173 1208 4210 non
1219 4152 1398 4211 ambulabat:

550 4292 561 4315 ¹
578 4282 655 4333 Marc.
670 4284 719 4331 xiv.
731 4284 771 4345 38.
1017 4283 1032 4321 b
1050 4280 1112 4330 Mat
1125 4281 1157 4329 vi.
1170 4295 1206 4342 ¹³·

1603 1262 1611 1377 Ι
