3242 5150
551 1271 791 1358 nmmum
817 1266 1231 1341 ANNOTA'PIONES

389 1468 661 1534 GHRISTOPH.
683 1467 707 1531 J
711 1465 905 1531 USTELLI
930 1467 987 1530 ΕΤ
1010 1463 1115 1529 GUL.
1138 1458 1390 1527 Bevuuueu

876 1670 910 1710 m

428 1823 608 1879 CANONES
627 1820 901 1876 CONClLlORUM
921 1818 1121 1874 ANCYRANI
1139 1817 1187 1872 ET
1205 1815 1360 1871 NEOCAE·

795 1905 1002 1961 SARIENSIS.

761 2082 1037 2122 -4-

415 2236 605 2303 Sseuuurun
620 2233 817 2298 commodius
830 2232 881 2297 hio
896 2233 1018 2318 posite,
1033 2241 1165 2318 propter
1182 2254 1292 2296 eorum
1309 2230 1420 2316 empli-

371 2339 525 2414 tudinem,
546 2337 673 2424 reliquae
693 2336 917 2420 Christophori
939 2336 1069 2400 Justelli
1090 2336 1190 2399 Notae
1212 2334 1244 2398 in
1266 2334 1335 2397 lueo
1356 2334 1421 2396 duo

372 2439 513 2505 Concilio,
534 2439 576 2502 nd
601 2438 748 2513 codicem,
772 2459 866 2521 quem
886 2447 988 2514 voest,
1007 2440 1162 2502 Oanomem
1177 2436 1322 2501 Eocless'ae
1344 2435 1421 2499 Uei-

373 2565 468 2607 oersoe
482 2543 692 2628 conscripum
714 2548 783 2605 tum
799 2562 874 2605 vero
895 2539 966 2605 eliae
988 2540 1096 2606 multae
1117 2541 1190 2606 (lul.
1206 2538 1369 2625 Beveregii
1388 2539 1422 2602 in

374 2647 484 2709 endem
512 2646 652 2710 (lonoilin
678 2645 934 2716 Aunotntiones;
967 2652 1003 2708 ut
1027 2667 1067 2708 ue
1091 2644 1327 2708 desideraretur
1345 2642 1423 2725 quid

373 2750 492 2813 fnoiens
506 2750 547 2811 ed
562 2747 764 2831 antiquitatis
779 2747 938 2811 onnonioae
952 2746 1205 2811 illustrationem.

648 3006 850 3077 CONCIL.
879 3007 1149 3079 ANCYRAN.

800 3178 952 3238 CANON
975 3180 999 3237 l.

419 3286 453 3343 P.
472 3300 534 3358 ¹¹7·
550 3282 570 3340 l.
584 3302 610 3359 5.
633 3286 821 3361 ὑποπεσόντες]
847 3286 926 3343 Olim
949 3287 979 3343 in
1000 3286 1121 3345 ecclesie
1139 3285 1237 3364 plures
1257 3296 1340 3345 erent
1360 3286 1424 3344 eni-

376 3383 584 3443 mndversionis
598 3382 714 3461 gradus,
729 3388 911 3459 πρόσκλοοσιο
922 3384 1066 3451 videlieet,
1078 3385 1211 3457 ἀκρόασις,
1222 3384 1382 3447 endenses.
1393 3394 1425 3441 et

377 3482 517 3539 σύστασις.
561 3480 700 3537 Omnium
717 3481 838 3540 istorum
860 3481 992 3540 meminit
1011 3481 1170 3559 Gregorius
1187 3480 1425 3557 Thaumnturgus

377 3579 463 3657 epist.
478 3600 541 3637 cen.
555 3598 602 3635 11.
617 3589 647 3636 et
668 3578 795 3638 Basilius
817 3580 847 3637 in
869 3577 993 3657 epistole
1014 3577 1152 3635 canoniea
1164 3595 1192 3652 3.
1211 3577 1247 3635 nd
1267 3575 1424 3655 Amphilo-

377 3674 474 3734 chium
490 3696 551 3733 can.
564 3675 613 3750 58.
629 3680 643 3730 d
657 3677 809 3749 μοιχεύσας,
819 3676 1076 3731 πεντεκωδοκοετῖον.
1089 3679 1208 3747 τέσσαρα
1217 3678 1265 3748 μὲν
1274 3678 1329 3743 ἔτη,
1339 3696 1424 3748 προσ-

376 3772 483 3829 κλοίων’
505 3776 582 3829 πέντε
595 3776 633 3840 δὲ,
647 3776 817 3846 ἀκροώμενος.
839 3777 966 3845 τέσσαρα,
982 3774 1142 3827 ὑποπίπτων·
1166 3776 1208 3829 καὶ
1221 3776 1266 3837 ἐνὶ,
1282 3775 1425 3829 συνεστός.

379 3869 435 3927 Est
456 3880 553 3927 sutem
574 3873 764 3944 πρόσκλοοσις,
780 3891 846 3928 eum
868 3870 933 3947 quis
954 3869 1077 3927 admisso
1100 3879 1217 3947 peceato
1231 3880 1314 3927 extro
1334 3867 1425 3926 ecole-

378 3965 449 4023 sism
473 3976 561 4035 stans,
576 3986 642 4024 oum
660 3965 742 4025 luctu
757 3978 787 4025 et
807 3966 940 4045 lacrymis
954 3987 1003 4024 eos
1018 3966 1068 4042 qui
1086 3965 1292 4044 ingrediuntur
1309 3975 1373 4022 oret
1392 3980 1427 4023 ut

379 4080 477 4140 prose
492 4061 714 4120 misericordiam
730 4062 787 4120 Dei
802 4062 951 4121 elicerent.
994 4062 1113 4119 Graeous
1122 4061 1289 4119 scholiastes
1301 4060 1427 4119 Harme-

379 4157 481 4238 nopuli
502 4157 531 4213 in
549 4159 677 4236 epitome
695 4179 838 4219 onnonum
857 4172 927 4219 sect.
939 4180 968 4217 v.
983 4160 1031 4218 tit.
1043 4179 1070 4235 3.
1088 4158 1266 4233 προσκλοίον,
1280 4162 1361 4232 ἤγουν
1376 4161 1429 4231 ἔξω

380 4260 425 4327 πῆς
444 4255 582 4326 ἐκκλησίας
604 4257 750 4327 ἱστάμενος,
770 4258 811 4311 καὶ
829 4264 884 4312 τῶν
902 4260 1036 4312 εἰσιόντων
1054 4258 1186 4327 δεόμενος,
1197 4258 1263 4329 ὑπὲρ
1282 4258 1363 4311 αὐτοῦ
1383 4260 1428 4311 ὥ-

379 4354 484 4427 χεσθοι.
528 4352 608 4410 Hinc
622 4352 769 4431 eleganter
784 4352 986 4412 Tertullianus
998 4352 1085 4418 dixit.
1097 4352 1263 4419 Fratribus,
1273 4352 1428 4431 legationes
