3242 5150
592 399 624 461 s,
652 397 872 494 aurnuns
1212 401 1255 468 89

203 571 410 648 διετείνοντο
428 575 501 648 π’ἇν
519 569 638 665 μέλος·
670 565 729 647 εἷθ’
752 571 863 651 οὕτως
882 568 940 648 διὰ
955 569 1090 651 παντὸς
1104 578 1167 648 τοῦ
1180 570 1256 647 σώ-

201 736 316 800 ματος
336 705 470 804 ἐπῆγον
489 706 526 781 ἐκ
546 701 742 786 κελεύσεως
758 709 789 780 oi
816 706 1052 795 βασανισταὶ,
1073 706 1114 782 οὑ
1139 705 1252 783 καθοί-

199 875 270 942 περ
289 850 362 926 τοῖς
379 849 550 946 φονεῦσιν
569 843 626 920 ἐπὶ
652 847 724 919 τῶν
746 848 914 942 πλευρῶν
939 839 1060 938 μόνον,
1079 840 1256 922 ἀλλὰκαὶ

199 980 267 1072 τῆς
287 975 448 1076 γαστρὸς
463 979 521 1054 καὶ
540 983 684 1074 κνημῶν
703 979 761 1056 καὶ
775 983 932 1077 παρειῶν
945 983 1019 1059 τοῖς
1032 978 1258 1078 ἀμυντηρίοις

171 1109 384 1211 5ἐκόλαᾷιν·
417 1111 526 1212 ἕτεροι
546 1112 583 1191 δέ
602 1110 673 1192 ἀπὸ
692 1116 757 1211 τῆς
773 1120 887 1195 στοᾶς
904 1119 986 1208 μιᾶς
1005 1111 1121 1216 χειρὸς
1144 1116 1251 1220 ἐξηρ-

198 1243 346 1343 τημένοι
368 1250 572 1347 αἰωροῦντο,
590 1243 713 1344 πάσης
738 1243 938 1348 ἀλγηδόνος
967 1248 1164 1349 δεινοτέραν
1189 1247 1254 1346 τὴν

198 1379 275 1459 ἀπὸ
294 1385 367 1458 τῶν
385 1380 527 1484 ἀρθρων
550 1384 608 1461 καὶ
630 1389 752 1480 μελῶν
776 1381 883 1460 τάσιν
906 1382 1057 1485 ἔχοντες·
1088 1383 1198 1462 ἄλλοι
1217 1384 1255 1463 δέ

197 1512 294 1616 πρὸς
312 1521 384 1596 τοῖς
403 1515 520 1593 κίοσιν
545 1513 814 1617 ἀντιπρόσωποι
839 1518 991 1613 ε’δοῦντο,
1010 1519 1052 1595 οὐ
1076 1515 1254 1617 βεβηκόσι

198 1656 275 1730 τοῖς
293 1652 393 1746 ποσί,
412 1654 463 1755 τῷ
482 1649 519 1728 δέ
538 1649 641 1751 βάρει
660 1659 722 1729 τοῦ
741 1651 911 1748 σώματος
928 1651 1146 1755 βιαζομένων
1163 1653 1254 1750 μετὰ

154 1823 189 1860 ιο
199 1782 341 1866 τάσεως
356 1784 601 1881 ἀνελκομένων
614 1793 687 1865 τῶν
706 1789 862 1883 δεσμῶν.
883 1790 941 1866 καὶ
954 1790 1049 1867 τοῦθ
1071 1788 1253 1885 ὑπέμενον,

199 1919 267 1996 οὐκ
286 1919 341 2021 ἐφ’
362 1916 452 1997 ὅσον
469 1919 760 2020 προσδιελέγετο,
780 1922 851 1998 οὐδ
872 1922 990 2002 αὐτοῖς
1014 1918 1210 2023 ἐσχόλαζεν
1232 1923 1253 1998 ὁ

200 2053 356 2153 ἡγεμὼν,
375 2053 475 2132 ἀλλά
492 2058 682 2158 μονονουχὶ
701 2057 744 2136 δι’
765 2054 854 2153 ὅλης
869 2061 933 2154 τῆς
945 2057 1086 2156 ἡμέρας.
1111 2055 1168 2134 ὅτε
1182 2054 1253 2157 γὰρ

200 2193 261 2268 καὶ
274 2191 330 2294 ἐφ’
351 2191 489 2290 ἐτέρους
502 2189 694 2286 μετέβαινε,
707 2199 781 2272 τοῖς
794 2189 980 2293 προτέροις
994 2193 1254 2287 κατελίμπανεν

200 2323 400 2429 ἐφεδρεύειν
418 2323 500 2408 τοὺς
518 2329 563 2430 τῇ
583 2324 730 2431 ἐξουσίᾳ
748 2327 857 2404 αὐτοῦ
880 2326 1190 2427 ι’πτηρετουμένους·
1225 2327 1258 2404 εί

157 2492 273 2552 ι5που
290 2463 343 2542 τίς
362 2459 522 2558 ἡττηθεὶς
540 2466 612 2538 τῶν
625 2459 799 2555 βασάνων
818 2458 989 2538 ἐνδιδόναι
1007 2459 1130 2537 ἐδόκει.
1152 2461 1255 2563 ἀφει-

201 2600 273 2677 δῶς
285 2593 322 2673 δέ
335 2594 489 2674 κελεύων
507 2600 564 2674 καὶ
582 2604 655 2679 τοῖς
674 2600 820 2693 δεσμοῖς
837 2596 1026 2695 προσιέναι
1042 2596 1114 2690 (for.
1128 2629 1248 2697 προσ·

201 2734 342 2835 δῆσαι),
359 2734 416 2810 καὶ
434 2740 635 2829 μεταταῦτα
652 2734 974 2836 ψυχοῤῥαγοῦντας
993 2728 1120 2812 αὐτοὺς
1137 2763 1248 2807 κατα-

201 2864 403 2961 τιθεμένους
414 2872 462 2948 εὶς
472 2866 538 2965 τὴν
549 2871 618 2967 γῆν
629 2866 809 2946 ἕλκεσθαι·
830 2865 955 2968 οὐγὰρ
968 2862 1055 2944 εἶναι
1068 2863 1135 2971 κᾷν
1147 2864 1253 2967 μέρος

203 3076 363 3135 debantur:
386 3098 419 3135 ao
440 3076 545 3136 deinde
567 3078 701 3137 universa
752 3078 818 3137 cula
830 3078 974 3156 gravitate
993 3097 1146 3156 corporum
1165 3077 1252 3135 adac-

156 3172 195 3215 το
203 3157 332 3235 corporis
343 3160 470 3215 membra
482 3159 623 3217 machinis
636 3159 701 3235 qui.
753 3170 792 3223 ta,
802 3161 897 3217 acrius
905 3159 1138 3217 intenderentur.
1151 3157 1255 3234 Atque

203 3236 324 3295 busdam
334 3237 584 3297 distendebantur.
617 3239 700 3297 Post·
752 3240 781 3298 id
794 3240 957 3298 tolerabant
968 3259 1027 3296 non
1042 3238 1134 3297 solum
1150 3257 1253 3315 quarn-

203 3318 265 3375 baro
278 3327 402 3376 tortores
417 3319 501 3395 jussu
514 3318 620 3395 judicis
636 3319 702 3377 uni.
753 3319 804 3377 diu
831 3320 942 3378 Praeses
966 3340 1015 3378 eos
1040 3318 1256 3396 alloquebatur,

204 3416 287 3455 verso
299 3400 411 3477 corpori
423 3422 431 3469 3
454 3419 548 3476 neque
559 3410 593 3457 ut
609 3399 701 3457 homi·
753 3413 805 3459 aut
813 3398 966 3459 audiendis
974 3400 1045 3477 ipsis
1055 3400 1188 3468 vacabam
1200 3397 1251 3456 sed

203 3476 276 3535 eidis
290 3476 375 3544 solet,
390 3477 529 3537 lateribus
540 3478 700 3538 duntaxat:
752 3492 817 3539 toto
825 3480 1034 3559 propemodum
1045 3479 1102 3537 die.
1117 3478 1253 3536 Namubi

155 3556 255 3631 25sed
274 3558 360 3616 etiam
382 3559 486 3628 ventri,
506 3560 647 3627 cruribus,
669 3581 702 3620 ac
753 3561 789 3619 ad
812 3560 885 3618 alios
908 3560 1067 3618 audiendos
1088 3559 1254 3624 transierat.

202 3637 287 3714 genis
303 3639 448 3697 eruciatus
464 3640 567 3698 ferreis
585 3641 703 3718 ungulis
753 3642 902 3700 ministros
926 3640 1011 3699 officii
1036 3640 1081 3698 sui
1106 3637 1252 3715 relinque-

202 3717 388 3777 adbibebant.
405 3719 532 3792 Quidam
542 3720 633 3779 altera
642 3742 700 3779 ma·
753 3723 813 3791 bat,
825 3721 875 3799 qai
892 3721 1036 3799 prioribus
1047 3719 1251 3789 imminerent;

203 3816 245 3854 nu
260 3798 296 3856 ad
316 3799 459 3877 porticum
478 3801 609 3880 suspensi
631 3822 702 3881 pen·
754 3803 778 3860 si
789 3802 866 3861 forte
877 3802 943 3879 quis
950 3810 1163 3858 tormentorum
1174 3818 1255 3857 acer-

204 3877 329 3945 debant;
374 3881 480 3957 quibus
514 3881 701 3940 articulorum
753 3884 846 3941 bitate
871 3882 966 3940 victura
987 3901 1004 3939 a
1028 3879 1178 3959 proposito
1202 3879 1254 3937 de.

156 3976 195 4033 30
204 3959 459 4037 membrorumque
486 3962 615 4019 omniurn
644 3962 703 4021 dis-
754 3962 1046 4022 soisoereeideretur.
1067 3960 1255 4037 Jubebatqne

205 4038 300 4095 tensio
317 4044 420 4117 quovis
441 4042 571 4099 cruciatu
590 4052 652 4101 erat
672 4062 701 4101 a·
754 4064 804 4102 eos
839 4044 948 4119 absque
981 4041 1041 4100 ulla
1068 4040 1253 4099 miseratione

204 4118 325 4177 cerbior.
341 4119 402 4177 Alii
417 4121 547 4181 vultibus
557 4123 586 4179 in
597 4142 628 4180 se
638 4142 700 4180 mu.
755 4123 881 4183 vinculis
900 4122 1014 4200 stringi,
1027 4132 1058 4180 et
1072 4131 1173 4199 postea
1186 4139 1252 4178 curn

205 4207 259 4254 tuo
272 4202 418 4259 conversis
438 4202 475 4260 ad
493 4201 642 4260 columnas
661 4202 701 4260 al·
750 4204 810 4281 jam
833 4205 958 4261 animam
977 4201 1156 4264 exhalarent,
1171 4200 1252 4257 humi

205 4276 380 4353 ligabantur,
396 4280 519 4359 pedibus
535 4282 628 4340 solum
644 4303 702 4341 nou
753 4284 881 4360 abjectos
909 4284 993 4341 trabi.
1045 4282 1152 4357 Neque
1174 4280 1251 4336 enim

158 4359 460 4437 35contingentibus;
490 4362 562 4421 adeo
583 4372 617 4419 ut
638 4363 702 4421 vin·
754 4365 849 4422 aiebat
864 4362 909 4422 vel
928 4363 1076 4420 minimam
1095 4360 1186 4417 nostri
1202 4379 1252 4417 ou·

250 4474 318 4517 vob.
334 4476 376 4518 1v.
788 4482 809 4520 N
