3242 5150
361 403 406 471 ’76
696 405 1076 476 ANNOTATIONES

360 597 417 638 nee
429 574 550 659 jejunia
565 576 700 659 agenda,
716 596 775 639 nee
787 597 893 660 genae
907 598 976 640 esse
989 575 1158 650 flectenda,
1174 577 1332 660 majorum
1346 583 1413 640 tra-

361 677 480 741 ditione
495 683 529 741 et
543 677 696 742 nniversae
712 678 851 743 eeolesiae
871 701 959 744 more
973 701 1095 763 usuque
1116 678 1296 764 appellatis.
1342 679 1412 742 Vid

362 801 452 863 capp.
471 801 533 841 nxx
551 787 584 843 et
599 802 685 844 nxxr.

408 882 446 944 P.
456 901 508 963 45.
523 881 543 942 l.
559 885 606 945 ιδ.
626 881 870 966 παρειλήφαμεν]
888 882 949 946 Ait
969 883 1132 946 Zonaras:
1155 882 1342 961 Σημειωτίον
1362 885 1420 947 οὖν

362 982 397 1046 τὸ
421 982 659 1063 παρειλήφαμεν,
684 987 732 1048 καὶ
755 985 787 1048 τδ
814 989 888 1052 κατὰ
913 984 1080 1065 παρόδοσιν
1101 985 1171 1064 ἡμῖν
1189 988 1415 1066 προστέτακται.

364 1086 524 1169 κᾴντεῢθεν
539 1089 599 1167 γδρ
612 1089 760 1167 φαίνεται,
777 1089 823 1152 ότι
840 1085 873 1151 τὸ
894 1088 943 1150 ἐπὶ
959 1084 1072 1176 γοερὸν
1087 1091 1238 1168 κρατῆσαν
1256 1087 1334 1161 ἔθος,
1351 1088 1417 1150 tva

365 1190 456 1268 νόμον
471 1189 657 1270 λελόγισται,
680 1187 697 1252 ὁ
713 1191 745 1252 δὲ
759 1188 854 1271 μέγας
869 1190 1030 1254 Βασίλειος
1045 1189 1093 1251 καὶ
1112 1192 1164 1256 τδς
1183 1191 1278 1257 αἰτίας
1296 1190 1418 1273 προστίι.

365 1295 453 1370 θησιν
469 1289 503 1354 δι’
521 1289 557 1357 ἃς
577 1291 775 1374 ἀπηγόρευται
796 1292 910 1354 κλίνειν
925 1292 959 1354 έν
975 1295 1105 1378 Κυριακῇ
1124 1294 1208 1372 γόνυ,
1225 1293 1274 1356 καὶ
1288 1290 1347 1356 δπδ
1366 1296 1418 1355 τοῦ

366 1391 472 1475 πόσχα
488 1392 577 1474 μέχρι
596 1397 648 1472 τῆς
669 1395 878 1474 πεντηκοστῆς.
904 1391 1056 1474 ἆνόγνωθι
1076 1393 1124 1456 καὶ
1143 1392 1194 1457 τὸν
1209 1392 1262 1473 ξς(
1285 1396 1415 1457 ἆποστο-

362 1493 447 1558 λικδν
469 1496 592 1570 κανόνα,
617 1496 664 1558 καὶ
686 1493 742 1573 ξδ’.
789 1494 892 1558 Locus
908 1493 939 1557 S.
951 1493 1060 1558 Basilii
1075 1493 1124 1557 M.
1145 1495 1247 1560 estin
1270 1495 1351 1558 libro
1367 1495 1416 1558 Do

364 1597 487 1682 Spiritu
504 1600 538 1660 S.
554 1597 658 1682 eapite
675 1615 725 1679 27.
742 1596 795 1681 qui
819 1597 864 1660 sio
886 1595 1016 1680 inoipit;
1043 1594 1148 1676 Ὀρθοὶ
1169 1600 1226 1678 μὶν
1247 1603 1418 1679 τληροῦμεν

365 1702 418 1766 τδς
433 1700 522 1782 Εὐχδς
538 1701 571 1762 έν
585 1701 619 1779 τῇ
634 1700 687 1782 μιᾷ
711 1705 762 1763 τοῦΙ
785 1697 955 1779 σαββάτου·
979 1698 1032 1762 τὸν
1047 1701 1079 1763 δέ
1094 1702 1190 1781 λόγον
1202 1701 1236 1763 οὗ
1251 1700 1359 1779 πάντες
1374 1703 1416 1763 ol·

366 1806 469 1880 δαμεν.
496 1801 531 1863 οὗ
553 1804 610 1881 γὰρ
629 1802 724 1880 μόνον
745 1802 784 1866 ὣς
806 1798 1050 1866 συναναστάντες
1072 1806 1201 1886 Χριστῷ,
1228 1804 1277 1866 καὶ
1297 1806 1335 1866 τὰ
1357 1803 1418 1864 dvo

368 1903 464 1981 ζητεῖν
479 1902 666 1982 ὀφείλοντες,
684 1903 718 1964 έν
733 1905 769 1986 τῇ
784 1903 979 1986 ἆναστασίμῳ
994 1900 1096 1986 ἡμέρη,
1112 1907 1163 1981 τῆς
1178 1903 1336 1992 δεδομένης
1349 1904 1419 1981 ἡμῖν

367 2005 487 2087 χαρίτος
502 2006 549 2067 διδ
570 2007 622 2082 τῆς
643 2007 717 2067 κατὰ
736 2001 790 2094 τὴν
810 2002 984 2092 προσευχὴν
999 2002 1135 2070 στάσεως
1150 2005 1271 2070 ἑαυτοὺς
1288 2003 1418 2083 ὑπομνή-

366 2128 488 2185 σιιομεν·
509 2105 577 2168 ἀλλ’
595 2107 640 2168 ὅτι
655 2110 738 2168 δοκεῖ
749 2129 811 2170 πως
826 2108 879 2166 τοῦ
892 2105 1140 2183 προσδοκωμένου
1159 2109 1265 2178 αἰῶνος
1286 2106 1367 2173 εἶναι,
1379 2109 1420 2170 εδ,

369 2210 435 2271 τόν·
460 2207 505 2282 διὸ
522 2209 570 2271 καὶ
590 2207 668 2290 ἀρχὴ
689 2207 766 2270 οὖσα
787 2207 903 2287 ἡμερῶν
917 2205 975 2268 διο.
991 2215 1068 2270 tom.
1079 2207 1123 2271 iii.
1140 2230 1171 2292 p.
1180 2212 1233 2291 56.
1249 2209 1299 2272 ed.
1316 2208 1416 2271 Bene·

368 2307 477 2372 dictin.
521 2308 634 2392 Agunt
665 2309 808 2381 Oenones,
833 2307 886 2391 qui
917 2308 1125 2392 Apodohram
1148 2311 1360 2394 appellantur,
1387 2310 1422 2380 in

368 2411 503 2475 Zonarae
520 2410 756 2476 Commentario
772 2409 824 2474 hio
839 2410 1017 2493 memorati,
1033 2411 1073 2477 de
1090 2411 1257 2492 Dominiea
1272 2414 1420 2504 seriisque

369 2521 484 2613 quarta
500 2522 532 2578 et
549 2520 654 2597 sexta,

663 2788 726 2851 DE
750 2788 1057 2862 DIVINITATE,
1075 2788 1132 2852 &a

416 2924 453 2985 Ρ.
466 2926 518 3002 46.
534 2923 553 2985 l.
567 2943 594 2989 2.
617 2922 734 3004 Πέτρου
754 2928 807 2987 τοῦ
826 2922 989 3004 δγιωτότου
1003 2925 1076 3007 διο]
1098 2923 1186 2997 Tres,
1203 2946 1273 3008 quae
1288 2944 1422 3006 sequun-

371 3033 437 3101 tur,
451 3024 552 3104 ῥήσεις
563 3024 593 3086 in
612 3023 745 3087 Oonoilio
755 3032 869 3088 extant
881 3024 1032 3108 Eploeino
1045 3026 1119 3088 Aet.
1129 3024 1157 3088 Ι.
1172 3046 1243 3109 pag.
1252 3025 1326 3107 508.
1343 3032 1419 3087 tom.

370 3127 414 3191 iii.
432 3124 544 3191 Correil.
561 3127 611 3190 ed.
629 3124 768 3201 Labbaei,
785 3134 819 3189 et
836 3124 950 3189 Latine
973 3125 1006 3187 in
1023 3126 1134 3190 Coaeil.
1152 3126 1288 3190 Οδαὶσσό.
1309 3130 1380 3189 Aet.
1392 3125 1420 3187 1.

372 3252 402 3315 p.
415 3231 486 3293 aaa
503 3236 579 3292 tom.
592 3228 630 3291 iv.
649 3227 761 3291 Oeneil.
783 3226 914 3312 perinde
935 3238 1033 3312 atque
1054 3229 1139 3313 apud
1162 3235 1300 3291 veterem
1320 3230 1417 3292 int-er·

371 3332 586 3419 pretationem
600 3330 704 3395 Maroi
730 3330 922 3397 Mereatoris
943 3333 1163 3416 Eneevarran
1179 3330 1329 3416 Epdeoiai
1348 3332 1423 3395 Oea-

372 3436 440 3501 oilr't'
463 3435 496 3498 in
521 3434 595 3499 edit.
618 3433 738 3498 Balasii
765 3456 795 3519 p.
815 3450 885 3517 175.
933 3433 1082 3500 Prolatae
1107 3432 1177 3496 illas
1201 3432 1303 3515 ῥήσεις
1325 3441 1423 3519 atquo

373 3537 529 3602 adductas
550 3536 646 3602 fnisse
669 3535 797 3621 Ephesi,
814 3558 879 3601 une
900 3559 972 3601 eam
994 3537 1065 3601 aliis
1083 3535 1275 3620 quibasdam
1295 3542 1425 3620 patrum

373 3638 519 3703 undecim
538 3638 626 3714 loeis,
640 3660 661 3702 a
676 3638 710 3702 S.
723 3638 841 3722 (lyrillo
862 3638 1091 3715 Alexandrino,
1107 3645 1247 3702 testatus
1262 3650 1312 3701 est
1332 3646 1424 3702 sexto

374 3742 532 3806 existente
542 3742 657 3806 saeoulo
671 3742 834 3826 Hypatius
846 3741 1024 3826 Ephesinus
1035 3741 1201 3826 episeopus
1211 3740 1242 3803 in
1261 3739 1425 3804 Collatiam

374 3865 441 3907 eam
460 3843 633 3929 Αοσρδαίιζς.
665 3843 735 3907 Vid.
751 3851 828 3907 tom.
841 3843 883 3905 iv.
906 3843 1019 3907 Οοοσίί.
1041 3866 1072 3925 p.
1088 3847 1180 3925 1766.
1218 3846 1330 3927 Atque
1348 3849 1425 3906 ente

375 3946 452 4011 illud
478 3956 604 4033 tempas
629 3970 688 4033 pro
714 3947 795 4011 veris
821 3946 942 4032 agnita
969 3947 1106 4024 fuerant,
1130 3954 1167 4011 ut
1195 3946 1266 4031 ipsa
1296 3945 1427 4011 amnti

375 4046 523 4132 δρδιιὶοἱ
548 4050 627 4111 Acta
653 4054 788 4125 laesam,
810 4072 832 4113 a
860 4049 1026 4113 Vincentio
1056 4048 1215 4113 Lirinensi
1241 4049 1273 4113 in
1299 4049 1430 4135 egregio.

376 4172 434 4215 suo
453 4150 692 4226 commonitam,
708 4150 814 4235 capite
827 4170 880 4232 42.
925 4151 1066 4228 Interea,
1080 4159 1118 4216 nt
1133 4152 1237 4216 obiter
1255 4151 1287 4215 id
1307 4158 1425 4228 notem,

376 4274 448 4317 oum
464 4252 567 4316 Julius
583 4252 746 4317 Romanus
761 4252 926 4339 episeopus
939 4275 1022 4317 unus
1035 4276 1076 4317 ex
1090 4254 1131 4318 iis
1144 4255 1290 4340 patribus
1305 4254 1425 4329 extitit,

377 4377 461 4441 qnos,
476 4355 655 4435 adduxerat
676 4352 822 4455 Oprillus,
837 4379 857 4422 a
873 4344 1012 4433 Leontio
1026 4356 1205 4442 Byzantino
1219 4366 1332 4444 postea
1343 4378 1427 4422 eone.
