3242 5150
297 417 349 479 IN
373 415 405 478 S.
428 416 651 480 DIONYSII
677 417 799 482 LIBB.
823 419 888 482 DE
913 419 1131 483 NATURA.
1188 422 1253 490 429

245 583 283 644 P.
295 603 370 667 403.
381 583 401 646 l.
412 603 461 667 13.
473 582 581 667 Μέγας
593 588 700 667 Κύριος
709 589 726 648 d
735 586 861 663 ποιήσας
872 586 973 664 αὐτὸν,
980 586 1052 670 dne]
1063 587 1254 672 Quanquam

201 682 249 746 ita
271 683 368 746 vertit
382 681 531 767 Vigenna
551 707 590 749 ao
613 685 640 749 si
660 685 776 749 nullius
790 686 956 771 seripturis
975 687 1072 750 verbu
1091 689 1254 754 attulisset

201 782 385 866 Dionysius,
400 790 508 848 tamen
533 785 635 863 aliter,
650 786 684 850 ni
699 785 800 864 fallor,
817 809 869 851 res
888 809 922 851 se
941 787 1061 853 habere
1080 797 1252 869 constaret,

200 884 227 946 si
243 882 331 947 loeus
344 884 377 946 in
392 885 476 947 hune
490 887 620 949 modum
634 886 753 951 rectius
768 895 961 964 verteretur,
985 891 1099 954 ἵσταντο
1116 892 1255 975 quemme

200 984 297 1047 νοήσει
310 986 414 1049 miseri
427 987 489 1063 isti,
506 998 606 1052 tamon
617 989 867 1073 queamdmodum
881 991 1105 1073 erodwutjueti,
1117 994 1254 1076 Moyuue

201 1095 246 1148 oet
259 1087 422 1163 Dominus,
436 1088 491 1172 qui
505 1110 572 1152 eum
584 1091 708 1164 στοαοίι,
723 1092 778 1154 tte.
821 1089 945 1155 Extare
959 1091 1056 1156 verbe
1065 1094 1152 1177 apud
1168 1093 1253 1158 Sira-

201 1186 303 1250 eidem
318 1188 394 1251 xiiii.
410 1209 441 1272 5.
452 1188 523 1273 jam
537 1198 646 1253 mouet
661 1190 861 1255 Gaiefordus.

246 1287 331 1350 Ibid.
348 1288 368 1351 l.
386 1290 432 1352 16.
460 1288 505 1351 ἐπ’
534 1291 636 1373 αι’ττής]
666 1290 719 1354 Sie
742 1298 829 1355 reete
855 1291 1005 1355 scribitur
1030 1315 1102 1356 oum
1125 1295 1157 1356 in
1181 1295 1251 1359 odit.

202 1391 242 1452 R.
259 1389 361 1472 &opt
384 1395 455 1452 tum
476 1389 510 1452 in
532 1391 638 1467 MSto,
662 1413 721 1475 pro
744 1390 790 1454 ἐπ’
816 1393 923 1465 αὐτοῖς,
947 1395 1033 1477 quod
1058 1395 1089 1457 in
1114 1395 1254 1460 editione

203 1490 374 1573 Vigeriana
396 1498 497 1554 extet.
543 1492 636 1556 Nune
657 1493 738 1556 dnos
758 1493 838 1556 ulios
859 1494 984 1558 oodioes
1006 1494 1052 1558 ἐπ’
1069 1497 1157 1575 αι’ττῆς
1174 1519 1253 1582 prae-

202 1599 326 1655 stantes
340 1591 433 1655 addit
448 1592 646 1657 Gaist'ordus.

247 1694 284 1756 Ρ.
293 1713 368 1773 404.
388 1693 408 1756 l.
426 1713 474 1757 12.
500 1695 729 1779 κατειλήφασιν]
755 1696 807 1760 Sio
833 1696 997 1762 immutavi
1019 1699 1175 1784 sequium
1198 1699 1254 1764 loo·

202 1794 311 1857 tionem
331 1794 380 1857 καὶ
403 1795 577 1876 εἰλήφασιν,
591 1796 724 1862 MStum
744 1804 884 1861 seoutus.
938 1799 1035 1864 Nune
1056 1801 1130 1864 huie
1154 1801 1254 1865 oodiei

201 1897 284 1959 udde
298 1901 429 1980 quotuor
445 1897 690 1979 Goissordionos.

247 1999 284 2061 P.
295 2014 371 2081 405.
387 1998 407 2060 l.
419 2015 449 2082 5.
462 1996 508 2060 'H
523 2023 567 2064 τις
581 2000 672 2064 οὕτως
686 2000 835 2081 εὔτακτος]
855 1999 908 2062 Ex
922 2001 1020 2064 Meto
1038 2003 1175 2068 εὔτακτος
1195 2023 1253 2086 pro

203 2098 346 2165 εὐτάκτως
359 2098 496 2181 reposui.
542 2098 713 2162 Consentit
727 2119 807 2163 uuus
820 2099 858 2163 de
872 2100 957 2164 codd.
977 2102 1221 2184 Gnissordtouie.

246 2199 331 2263 Ibid.
347 2199 368 2262 l.
382 2216 412 2282 7.
429 2201 732 2282 ἔμποδοστατοΰισος]
761 2200 813 2264 Sic
828 2201 903 2265 Me.
919 2201 968 2265 uti
983 2203 1058 2265 olim
1073 2203 1254 2287 oonjeeerat

201 2300 417 2385 reponendum
442 2300 577 2384 Vigerus
599 2322 658 2383 pro
688 2302 983 2380 ἐμποδιστατοῦιττος.
1039 2304 1253 2368 Consentiunt

202 2409 268 2466 tres
282 2403 384 2465 MSS.
404 2401 629 2482 Goissordiaui.

245 2502 328 2565 Ibid.
344 2502 365 2564 l.
382 2523 430 2565 11.
451 2501 621 2587 ἐκνεύσεσι]
646 2500 719 2565 Ηοο
740 2502 866 2587 reposui
889 2525 947 2588 pro
972 2506 1094 2570 νεήσεσι
1119 2507 1253 2571 MStum

203 2612 341 2679 secutus,
358 2602 392 2666 iu
411 2624 474 2685 quo
496 2608 605 2666 tamen
625 2604 797 2666 ἐκνεήσοσι.
843 2602 914 2667 Lin.
930 2625 1055 2689 quoque
1073 2626 1118 2690 ¹3·
1134 2608 1251 2672 ἄνεισιν

203 2726 243 2767 ex
264 2704 364 2766 eodem
384 2703 448 2767 cod.
470 2703 596 2788 reposui
619 2724 677 2787 pro
697 2705 827 2782 ἀνίησιν.
865 2705 1078 2771 Consentiunt
1092 2717 1152 2770 tros
1166 2708 1251 2772 codd.

206 2804 376 2886 Goiefordi.
430 2804 522 2866 Nune
546 2825 671 2887 quoque
698 2806 855 2868 ἐκνεύσεσι
881 2813 1037 2889 praestant
1063 2816 1123 2871 tros
1147 2810 1255 2892 seripti

206 2904 431 2987 Goisfordioui.

246 3006 283 3068 P.
296 3007 371 3086 406.
388 3004 408 3067 l.
421 3024 449 3068 2.
473 3008 548 3068 κατὰ
569 3006 697 3092 ῥυθμὸν]
713 3008 792 3071 MS.
809 3006 871 3072 κατ’
888 3007 1024 3088 ἀριθμὸν,
1038 3029 1059 3072 a
1079 3030 1142 3093 quo
1161 3009 1254 3074 abest

204 3109 251 3171 καὶ
264 3107 407 3186 aspendio,
423 3105 634 3190 scribiturque
656 3129 714 3191 pro
733 3108 1006 3189 σφενδονισθέντος
1024 3109 1057 3173 in
1075 3110 1172 3173 eodem
1188 3110 1250 3175 eod.

203 3207 469 3288 σφενδονηθέντος,
486 3209 570 3291 quod
585 3209 815 3289 preestantibus
829 3220 959 3295 quotuor
978 3210 1014 3273 do
1027 3214 1090 3275 sotio
1104 3211 1254 3277 oodieibua

203 3309 392 3374 Gaisfordus
406 3308 535 3393 recepit,
551 3331 708 3394 quemque
718 3332 778 3395 ego
792 3331 877 3373 nune
889 3318 1016 3375 seoutus
1027 3333 1107 3376 sum.
1141 3313 1253 3378 Habet
1307 3370 1309 3373 .

204 3408 264 3474 κατ’
281 3412 405 3490 ἅριθμον
418 3432 497 3474 auus
507 3432 543 3474 oo
557 3410 621 3473 illie
635 3412 871 3495 Manuseriptis.

247 3511 331 3575 Ibid.
342 3512 401 3591 l.7.
417 3512 451 3574 τὸ
462 3511 580 3598 ξένους]
595 3513 709 3576 MStus
717 3512 887 3576 articulum
897 3512 1133 3596 suppeditabat.
1160 3514 1252 3577 Nune

202 3613 285 3675 udde
300 3622 358 3676 tres
375 3611 618 3696 Gnissordiuuos.

247 3714 328 3777 Ibid.
344 3718 383 3778 Ei
396 3716 595 3795 πορεύσονται
617 3714 685 3797 due]
711 3716 794 3777 Haee
814 3713 941 3777 restitui
963 3735 1003 3777 ex
1031 3714 1170 3779 Veretum
1192 3722 1252 3780 τῶν

202 3813 239 3878 o'.
255 3816 472 3880 consentiente
485 3814 612 3879 unaue
627 3817 731 3893 Meto,
747 3822 961 3899 praeterquam
976 3816 1061 3899 quod
1076 3816 1109 3878 in
1124 3838 1162 3879 eo
1176 3818 1252 3881 sori·

203 3916 291 3980 bitur
309 3919 527 3998 ἀπορεύσονται
546 3938 604 4002 pro
620 3920 647 3980 ει’
659 3943 691 3981 π.
730 3917 827 4002 Vulffo
846 3916 931 3980 enim
949 3916 1066 4001 legitur
1084 3920 1247 3999 Εῑσπορεή·

203 4041 309 4079 σανται
322 4039 382 4100 pro
397 4021 424 4081 εἰ
438 4044 469 4082 π.
483 4026 517 4083 et
529 4018 683 4099 κατάλυμα
697 4039 755 4103 pro
771 4020 911 4081 καθόλου.
942 4019 1036 4081 Nune
1051 4026 1179 4083 eonstat
1200 4045 1251 4082 κα·

204 4116 572 4182 ddtovhabereaouoodd.
589 4118 832 4201 Goiesordt'ouoa,
842 4122 1250 4203 ααντοοαοείπορεήσονται.

248 4215 330 4280 Ibid.
346 4217 365 4279 Ι.
385 4237 430 4296 ¹4·
452 4221 511 4282 Καὶ
525 4221 594 4283 οὔτε
610 4220 740 4296 ἑαυτοὺς,
755 4221 825 4283 οὔτε
838 4220 909 4304 dne]
927 4220 1047 4306 Iueipit
1060 4222 1102 4285 ab
1117 4220 1167 4283 his
1181 4242 1250 4283 ver·

203 4316 252 4380 bis
279 4326 375 4401 eaput
393 4322 441 4383 26.
466 4320 691 4399 Eusebinnum,
718 4320 768 4385 oui
797 4320 850 4384 hio
876 4322 988 4386 titulus
1013 4322 1163 4405 praefixus
1186 4326 1247 4383 est.
