3242 5150
351 419 394 485 94
648 420 896 497 RELIQUIAE
923 419 1102 482 SACRAE.

352 662 428 741 Quoe
441 670 615 746 sequuntur,
627 661 728 744 potitii
743 661 882 745 scapua·
897 661 1071 742 Anonymi&
1083 656 1347 738 Ἀποσπασμάτων
1361 658 1399 720 da

688 761 854 825 Saturam
869 761 1047 825 Medianas.

391 889 474 946 Hauc
488 888 638 968 epistolam
654 900 806 967 postquam
821 889 950 967 suscepit
963 900 994 947 et
1008 888 1088 967 legit,
1105 907 1157 947 uec
1171 887 1329 967 rescripsit,
1343 907 1397 946 nec

348 991 384 1051 ud
399 1013 448 1054 cos
462 993 590 1073 perrexit
605 993 641 1051 ad
656 1013 807 1058 carcerem,
823 1012 877 1051 nec
895 992 932 1051 ad
950 993 1067 1051 beatum
1084 992 1205 1050 Petrum
1223 992 1258 1050 iit
1267 1015 1277 1062 ς
1302 993 1397 1049 omni.

349 1100 402 1158 bus
422 1110 519 1157 autem
541 1098 586 1156 his
605 1099 756 1178 episcopis,
778 1099 964 1179 presbyteris,
979 1119 1012 1156 ac
1026 1098 1194 1157 diaconibus
1209 1097 1396 1156 Alexandria
1405 1115 1423 1175 5

347 1203 424 1282 apud
446 1223 588 1262 carcerem
611 1204 781 1282 martyrium
803 1204 902 1282 passis,
917 1204 1063 1282 ingressus
1084 1213 1129 1262 est
1149 1203 1249 1261 statim
1265 1201 1396 1260 Alexan-

347 1305 449 1366 driam.
482 1306 554 1366 Erat
568 1319 665 1365 autern
677 1308 706 1364 in
719 1306 837 1366 civitate
850 1306 968 1385 quidam
980 1307 1111 1366 Isidorus
1125 1307 1252 1375 nomine,
1267 1306 1396 1364 moribus

347 1409 544 1476 turbulentae,
560 1411 686 1470 doctoris
704 1411 813 1470 habens
832 1411 1016 1480 desiderium,
1032 1422 1063 1471 et
1078 1411 1167 1469 Arius
1181 1411 1299 1489 quidam
1313 1410 1396 1470 habi-

347 1525 410 1572 tum
433 1525 551 1594 portans
573 1515 700 1595 pietatis,
715 1527 745 1575 et
767 1516 829 1596 ipse
847 1517 974 1576 doctoris
994 1515 1170 1576 desiderium
1189 1516 1307 1574 habens.
1351 1513 1394 1572 Hi

347 1632 500 1699 postquam
516 1634 716 1699 coguoverunt
734 1623 924 1702 cupiditatem
941 1622 1068 1688 Meletii,
1082 1633 1113 1680 et
1131 1621 1201 1699 quid
1216 1632 1301 1685 esset,
1316 1617 1393 1698 quod
1406 1644 1444 1683 ιο

346 1723 517 1800 requireret,
540 1735 742 1783 succurrentes
763 1725 800 1790 ei,
822 1725 986 1783 invidentes
1006 1723 1117 1782 scilicet
1136 1721 1336 1801 pontificatum
1357 1721 1393 1778 B.

348 1827 438 1895 Petri,
455 1839 489 1886 ut
508 1838 698 1905 cognoscatur
719 1829 953 1906 concupiscentia
974 1827 1100 1893 Meletii,
1120 1827 1313 1905 presbyteros,
1328 1825 1393 1903 qui-

345 1930 400 1988 bus
419 1941 592 2007 potestatem
615 1930 735 1989 dederat
757 1931 792 1987 B.
805 1930 913 1989 Petrus
933 1930 970 1989 de
991 1931 1115 2009 paroecia
1136 1928 1253 1988 visitare
1266 1928 1394 1986 Alexan·

346 2032 447 2099 driam,
464 2035 530 2106 (for.
547 2033 690 2092 visitanda
703 2032 927 2108 Alexandrina),
938 2033 1063 2092 latentes
1074 2033 1200 2091 Meletio
1213 2032 1393 2090 demonstra-

345 2145 458 2194 veruut.
502 2135 715 2194 commendans
729 2138 772 2194 eis
785 2136 965 2194 occasionem
979 2135 1122 2194 Meletius
1136 2135 1281 2215 separavit
1291 2155 1350 2202 eos,
1362 2146 1393 2194 et
1407 2161 1417 2200 ι
1422 2154 1441 2218 5

344 2239 488 2298 ordinavit
502 2241 565 2320 ipse
578 2238 662 2311 duos,
679 2242 811 2300 unumiu
826 2262 949 2308 carcere,
964 2240 1096 2300 stallum
1113 2243 1143 2298 in
1165 2241 1291 2301 metallo.
1335 2241 1394 2300 His

343 2341 451 2418 agnitis
464 2342 500 2398 B.
512 2341 619 2402 Petrus
637 2363 703 2401 cum
722 2342 816 2402 multa
837 2342 978 2422 patientia
999 2343 1107 2423 populo
1127 2344 1243 2424 scripsit
1264 2343 1392 2404 Menan·

344 2443 428 2501 driuo
443 2443 607 2524 Epistolam
622 2445 677 2505 hoc
691 2445 787 2505 modo.

432 2720 590 2780 INITIUM
612 2720 807 2778 EPISTOLAE
828 2724 974 2780 DOMINI
995 2722 1105 2781 PETRI
1125 2723 1300 2782 EPlSCOPl

729 2820 1002 2875 ALEXANDRIAE.
1403 2845 1440 2883 ao

386 2934 502 2994 Petrus
527 2930 559 2992 in
581 2930 644 2993 lide
671 2932 733 2993 Dei
755 2931 917 3009 stabilitis,
939 2933 1063 2998 dilectis
1089 2934 1242 2998 iratribus
1266 2936 1299 2999 in
1325 2936 1390 2999 Do-

341 3040 436 3117 mino,
453 3039 597 3102 salutem.
629 3040 785 3120 Quoniam
801 3044 932 3126 cognovi
949 3042 1114 3109 Meletium
1134 3044 1211 3107 nihil
1232 3066 1290 3130 per
1303 3046 1389 3110 utili-

341 3156 442 3214 tatem
460 3150 593 3231 (supplet
607 3170 702 3234 agere
719 3154 849 3231 lilaffei),
863 3152 913 3215 cui
929 3174 987 3216 neo
1002 3152 1255 3216 beatissimorum
1271 3154 1390 3238 episco-

340 3280 453 3344 porum
468 3281 506 3323 ac
520 3266 696 3344 martyrum
711 3259 847 3345 epistola
862 3261 990 3346 placuit,
1002 3263 1058 3326 sed
1069 3262 1199 3348 insuper
1212 3264 1389 3348 ingressum

339 3376 482 3433 nostram
504 3370 675 3454 pacoeciam
698 3379 825 3435 tantum
847 3371 906 3435 sibi
931 3372 1155 3458 adsumpsisse,
1171 3382 1208 3438 ut
1228 3373 1326 3438 etiam
1348 3398 1436 3458 0¹25

340 3499 411 3543 mea
439 3479 632 3545 auctoritato
662 3482 874 3567 presbyteros,
897 3491 931 3547 et
961 3483 1076 3568 quibus
1105 3485 1292 3569 pennissum
1318 3496 1391 3551 crat

338 3596 468 3673 egentes
491 3588 633 3669 visitare,
656 3600 827 3657 conaretur
849 3616 1006 3679 separare,
1030 3601 1063 3662 ct
1084 3594 1234 3660 indicium
1251 3601 1321 3678 (for.
1343 3598 1390 3662 in-

339 3699 435 3781 dicio)
467 3722 532 3764 suae
559 3702 744 3786 cupiditatis
773 3702 806 3766 in
836 3704 1016 3789 principatu
1048 3709 1118 3789 (ior.
1150 3706 1388 3797 principatum),

289 3824 297 3845 0
339 3808 493 3891 quosdam
513 3810 572 3873 sibi
593 3812 756 3876 ordinasse
778 3813 811 3876 in
834 3834 979 3888 carosam
1003 3816 1099 3879 modo
1121 3816 1196 3880 illud
1212 3820 1388 3896 observate,

339 3937 378 3979 ne
400 3916 428 3979 si
452 3918 699 3997 communicetis,
719 3922 820 3986 donec
843 3946 1006 3988 occurram
1032 3924 1076 3988 illi
1098 3947 1170 3990 cum
1192 3927 1388 4012 sapientibus
1396 3947 1435 4005 30

337 4024 422 4100 viris,
444 4034 477 4089 et
499 4027 622 4091 videam
645 4052 715 4114 quse
738 4041 825 4108 sunt,
847 4056 918 4119 quae
940 4035 1100 4121 cogitavit.
1148 4037 1268 4103 Valete.
1314 4044 1388 4103 Hac

337 4137 434 4193 omnia
455 4137 566 4214 primus
586 4139 678 4198 edidit
694 4141 724 4199 V
725 4162 821 4200 eronae
840 4145 970 4204 ecodice
986 4147 1148 4206 Veronensi
1164 4148 1209 4205 vir
1228 4148 1265 4206 cl.
1287 4149 1387 4228 Scipio

337 4240 438 4300 Mauei
460 4261 537 4300 auno
555 4242 643 4312 1738.
670 4244 700 4302 in
728 4247 837 4327 Opere,
857 4250 902 4307 cui
925 4250 973 4309 tit.
997 4250 1192 4310 Osteruazioni
1214 4252 1385 4320 Lettcrarie,

337 4356 407 4403 tom.
421 4346 461 4403 iii.
476 4368 505 4425 p.
518 4347 565 4406 ll.
579 4360 682 4432 etseq.
