3242 5150
374 409 441 472 402
675 403 923 483 RELIQUIAE
949 405 1128 471 SACRAE.

374 582 517 677 πολλῆς
529 574 621 656 κατὰ
630 575 737 679 ῥόσιν
748 576 883 679 τύρβης
896 577 1151 675 διενθόνονσαι,
1162 582 1220 657 καὶ
1233 575 1296 658 τόν
1305 575 1431 658 πολὺν

375 720 448 793 τῶν
476 710 727 811 συμπτώσεων
756 717 992 815 διεκπερῶσιιι
1025 712 1203 812 κυδοιμόν,
1233 720 1270 794 αι’
1306 713 1429 813 ὅμοιαι

374 847 467 949 πρὸς
483 845 548 929 τὰς
566 846 689 945 ὁμοίας
708 846 775 950 οὐχ
788 847 859 926 ὑπὸ
876 855 942 927 τοῦ
954 853 1061 946 Θεοῦ,
1075 847 1166 928 κατὰ
1182 846 1246 928 τόν
1263 848 1428 949 ποιητὴν,

375 982 531 1084 ἄγοιντο,
549 982 777 1085 ουντρέχοιεν
800 981 837 1062 δὲ
864 986 923 1063 καὶ
952 981 1266 1086 σννοιγελόζοιντο,
1290 985 1424 1087 γνωρί-

376 1115 501 1219 ζουσαι
525 1114 589 1201 τόν
614 1123 812 1219 συγγενεῖς·
845 1115 1037 1218 θαυμαστή
1060 1153 1103 1220 γε
1130 1125 1203 1198 τῶν
1234 1117 1377 1216 ἀτόμων
1403 1118 1456 1217 vis

374 1253 603 1356 δημοκρατία,
621 1251 855 1358 δεξιουμένων
877 1285 915 1331 τε
944 1249 1113 1352 ἀλλήλας
1132 1258 1206 1331 τῶν
1222 1251 1349 1357 φίλων
1366 1254 1426 1331 καὶ

373 1388 693 1492 περιπλεκομεόιων,
713 1394 762 1471 eis
787 1388 874 1487 μίαν
901 1421 940 1466 τε
967 1395 1217 1488 κατασκηνοῦν
1241 1387 1426 1467 συνοικίαν

375 1524 623 1625 ἐπειγομένων·
653 1527 803 1604 καὶτῶν
829 1522 905 1621 μὲν,
934 1519 1284 1625 ἀποτετορνευμένων
1313 1521 1422 1600 atro-

374 1658 496 1756 μότωτ
522 1667 571 1744 εἷς
598 1660 702 1758 ἥλιον
729 1662 909 1764 φωοτῆρο
927 1656 1052 1759 με’γαν,
1069 1658 1128 1737 ἵνα
1150 1655 1334 1756 ποιήσωσι
1357 1652 1425 1754 τὴν

375 1795 520 1900 ἡμέραν·
547 1794 676 1875 τῶνδὲ
700 1800 748 1878 εἰς
768 1792 916 1878 πολλὰς
932 1793 1023 1878 ἴσως
1040 1793 1240 1896 πυραμίδας
1262 1791 1475 1893 ἁστέρωνιο

375 1929 712 2036 ἀναπεφλεγμένων,
722 1930 781 2008 ἵνα
793 1931 852 2008 καὶ
866 1927 954 2008 ὅλον
964 1926 1234 2033 στεφανώσωσι
1243 1924 1306 2005 τόν
1320 1925 1425 2026 οὐρα-

376 2063 449 2142 νόν·
476 2070 549 2142 τῶν
567 2060 616 2158 δὲ,
634 2060 950 2164 περιτεταγμένων,
969 2062 1027 2140 ἵνα
1047 2058 1155 2141 αὐτόν
1179 2064 1254 2164 εἰκῇ
1273 2059 1426 2162 στερεώ-

376 2230 476 2276 σωσι
491 2200 549 2275 καὶ
568 2196 815 2298 καμαριόσωσι
834 2194 897 2276 τόν
910 2192 1035 2299 αἰθέρα
1048 2201 1095 2279 εἷς
1109 2195 1175 2295 τὴν
1189 2201 1262 2274 τῶν
1275 2191 1426 2300 φωοτή-

375 2364 449 2432 ρων
467 2330 675 2431 ἐπιβάθραν,
694 2328 931 2436 έπιλέξωνταί
941 2362 979 2408 τε
998 2332 1136 2412 ἑαυταῖς
1150 2336 1186 2408 αἱ
1200 2329 1426 2427 σννιομοσίιιι

375 2470 449 2543 τῶν
466 2461 621 2569 χνδαίων
638 2462 783 2563 ἀτόμων
801 2464 923 2561 μονὰς,
942 2466 1001 2543 καὶ
1026 2462 1344 2567 διακληρώσαντα
1361 2460 1426 2542 τόν
1436 2505 1448 2544 ι
1452 2499 1472 2564 5

376 2598 526 2705 οὐρανόν
544 2609 592 2686 εἰς·
610 2602 726 2684 οἴκους·
744 2604 883 2683 ἑαυταῖς
902 2603 960 2679 καὶ
979 2601 1175 2698 σταθμούς.

420 2736 496 2801 Εἶτα
510 2742 668 2817 (Eusebius
681 2741 791 2819 inquit)
807 2734 872 2815 μεθ’
886 2734 972 2817 ἕτερά
987 2744 1093 2817 φησιν,

870 2869 930 2933 IV.

430 2985 528 3064 Ἀλλ’
549 2983 628 3064 οὐδὲ
646 2983 693 3063 τὰ
711 2982 850 3089 φανερὰ
870 2984 1004 3085 ὁρῶσιν
1021 2980 1117 3062 οὗτοι
1142 2987 1176 3061 οἱ
1201 2978 1424 3084 ἀπρονόητοι,

376 3128 456 3186 nato,
473 3117 582 3175 similes
596 3138 661 3176 cum
677 3118 820 3177 similibus
834 3119 876 3177 ita
926 3127 1040 3189 tonent,
1050 3117 1080 3175 in
1088 3117 1228 3198 plurimas
1238 3118 1369 3177 fortassis
1379 3140 1425 3177 or·

376 3197 574 3261 convenerint,
590 3208 624 3255 ut
637 3208 735 3255 tamen
754 3218 813 3255 nou
832 3197 876 3256 di.
926 3199 1058 3258 dentium
1083 3198 1232 3258 stellarum
1260 3198 1425 3279 pyramides
1435 3218 1475 3257 ao

375 3277 437 3337 vini
458 3275 599 3334 Numinis
620 3275 751 3343 ductum,
773 3297 874 3354 quem·
926 3279 1105 3358 figurentur:
1128 3279 1191 3338 nliae
1211 3280 1241 3337 iu
1259 3279 1357 3337 orbern
1380 3279 1425 3338 di.

377 3355 533 3419 admodum
545 3368 631 3435 poeta
641 3356 735 3435 lingit,
745 3368 876 3435 sequutoe
926 3370 1024 3437 geste,
1040 3359 1185 3418 firmitatis
1198 3358 1308 3437 aliquid
1323 3360 1425 3419 etheri

377 3439 450 3498 sint:
475 3437 527 3495 sed
541 3437 648 3518 potius,
663 3457 730 3496 cum
744 3458 818 3499 sese
833 3438 875 3496 ef·
927 3439 1058 3506 afferant,
1087 3460 1179 3517 eoque
1207 3439 1364 3499 testudinis
1393 3439 1426 3498 in

378 3520 449 3578 lines
472 3530 577 3578 mutuo
600 3529 787 3598 cognataeque
809 3539 875 3577 uos·
927 3540 1036 3578 morem
1050 3530 1257 3588 concamerato,
1272 3520 1425 3580 subeunti·

378 3610 452 3666 sent,
477 3599 508 3657 iu
535 3619 627 3658 unum
652 3601 734 3677 quasi
759 3618 876 3679 gregem
926 3600 981 3660 bus
1002 3599 1067 3659 coeli
1091 3599 1260 3667 luminibus,
1285 3600 1424 3678 quosdam
1435 3616 1472 3678 ος

377 3680 589 3741 confluxerint:
628 3701 673 3739 αα
700 3679 877 3739 admirabilis
927 3680 1008 3759 quasi
1018 3680 1125 3759 gradus
1134 3691 1325 3760 praestruant:
1339 3680 1425 3739 adeo-

377 3762 439 3820 haec
449 3770 610 3819 atomorum
627 3760 802 3820 democratia
813 3771 857 3820 est
866 3781 876 3830 3
927 3779 984 3837 que
1002 3761 1165 3840 vulgarium
1184 3772 1346 3820 atomorum
1366 3762 1425 3820 fac·

379 3842 429 3899 ubi
463 3841 561 3897 amico
587 3841 692 3899 amicas
719 3842 877 3920 excipiant,
927 3840 1022 3901 tiones
1039 3840 1185 3900 domicilia
1206 3842 1261 3900 sibi
1285 3840 1425 3919 deligant,

380 3931 469 3997 atque
480 3919 718 3998 complectantur,
729 3921 828 3998 itaque
842 3941 876 3979 u·
927 3940 960 3980 ac
989 3921 1095 3980 coelum
1120 3922 1216 4001 ipsum
1240 3922 1371 4001 proprias
1394 3921 1426 3979 iu

377 4021 447 4059 num
469 3999 500 4056 in
520 3997 697 4058 domicilium
721 4000 877 4059 convolent
927 4001 1028 4061 domos
1046 4013 1134 4079 atque
1149 4002 1288 4061 stationes
1304 4001 1381 4061 inter
1395 4021 1426 4061 se
1435 4018 1474 4077 30

378 4080 529 4140 universae.
557 4080 634 4138 Turn
646 4092 732 4139 certae
745 4080 876 4159 quasdam
929 4102 959 4140 se
972 4083 1147 4157 partiantur.
1179 4152 1180 4157 ἵ

378 4162 467 4226 ultro,
486 4159 517 4217 iu
538 4159 785 4239 solemmagnum
803 4161 878 4220 illud
927 4232 934 4245 ·
965 4160 1069 4244 liumus
1087 4161 1145 4215 aliis
1166 4159 1328 4233 quibusdam
1345 4160 1426 4215 iuter·

378 4242 468 4311 sidus,
483 4239 607 4319 quodam
628 4242 710 4320 quasi
729 4253 816 4300 torno
829 4262 876 4299 ro·
923 4239 1010 4303 lm·

380 4321 552 4390 tundentur,
573 4332 608 4380 ut
631 4322 708 4381 diem
733 4322 875 4381 efficiant:
1151 4301 1208 4361 1V·

379 4403 451 4469 aliae,
466 4422 524 4480 quo
539 4402 644 4462 coelum
664 4402 809 4481 integrum
829 4423 876 4460 co.
969 4401 1043 4468 Imo,
1065 4400 1171 4479 inquit,
1195 4419 1231 4459 ue
1252 4399 1337 4458 obvia
1360 4398 1427 4477 qui.
