3242 5150
369 375 528 440 GESTA
552 375 887 440 PURGAT10NIS
911 378 1111 446 FELICIS.
1200 384 1265 451 289

208 542 336 628 eollegae
351 566 448 630 quam
462 545 522 610 ieoi
541 546 584 610 sd
604 547 739 610 eundem
760 546 943 632 episoopnm
958 548 1108 614 Feiioem.
1154 549 1263 616 Maxi-

207 675 278 717 mus
293 653 396 720 dixit:
420 657 567 722 Praesens
588 664 649 722 est.
696 656 820 721 Eadem
840 657 975 742 epistola
997 660 1028 724 ei
1046 659 1208 736 offeratur,
1228 667 1265 724 ut

208 763 341 827 eandem
374 776 590 852 reoognoaost.
645 767 841 852 Respondit:
877 769 957 855 Ipsa
986 776 1045 832 est.
1101 769 1265 834 Maximus

208 872 307 938 dixit:
335 874 492 956 Quoniam
514 877 697 961 reoognovit
718 877 888 963 epistolam
910 901 1011 956 suam,
1028 880 1111 944 hano
1134 879 1213 963 lego,
1230 887 1264 944 et

208 1005 265 1046 oro
279 984 375 1068 plena
388 987 470 1052 sotis
484 986 652 1051 inseratur.
688 986 734 1050 Et
747 987 903 1052 reoitavit.
939 989 1125 1053 Ooeoitioass
1133 986 1263 1074 porceti

207 1094 310 1158 Felici
331 1095 468 1160 midam.
515 1096 592 1160 Gom
613 1097 771 1181 onoatius
791 1096 934 1181 eolloyom
955 1119 1052 1160 meum
1073 1097 1261 1182 Asyoatima

207 1204 339 1266 amioum
356 1225 446 1268 suam
466 1207 642 1281 convenires,
663 1216 690 1270 ot
710 1206 880 1292 inquisisset
903 1229 983 1270 anso
1002 1207 1184 1270 duoviratus
1204 1209 1264 1271 moi

207 1333 250 1374 aa
277 1312 392 1397 aliquo
418 1315 580 1399 seriptum
609 1315 683 1400 leonis
711 1325 815 1378 oestro
837 1315 1000 1379 madum
1023 1336 1144 1380 suoram
1169 1313 1260 1400 loyem

207 1422 325 1486 muso
345 1424 417 1488 siat.
441 1425 588 1509 'nquam
609 1425 755 1490 Galatiae
777 1447 856 1489 saus
879 1448 914 1489 ao
940 1426 1000 1510 loys
1022 1435 1121 1490 oestro
1138 1425 1261 1510 publico

207 1534 346 1617 mitola
366 1535 564 1601 mhstowrios
588 1537 625 1600 do
647 1535 776 1601 basilien
793 1536 967 1623 protulerit.
1014 1537 1090 1620 Opto
1115 1544 1143 1598 te
1171 1533 1263 1598 οὸιηιι)

209 1644 315 1708 volero.
361 1653 381 1681 “
391 1645 487 1710 ΡΗοο
501 1647 636 1733 signum,
654 1650 739 1733 quod
753 1647 1010 1733 dopreoatorium
1025 1647 1131 1710 adme
1145 1646 1263 1710 omise-

210 1761 230 1791 “
245 1765 321 1817 rant
334 1753 519 1833 Christiani,
535 1757 651 1842 etipse
671 1757 760 1842 eujus
780 1765 830 1821 est
846 1755 1066 1842 rpraetorium.
1084 1763 1117 1820 et
1133 1755 1262 1819 dixisti:

210 1871 229 1898 “
247 1863 339 1927 'l'olle
364 1865 493 1940 elavem,
517 1875 551 1931 et
577 1889 657 1952 quos
681 1867 838 1932 inveneris
863 1867 897 1930 in
922 1865 1077 1930 eathedra
1105 1865 1202 1928 libros
1226 1872 1259 1928 et

209 1980 230 2011 “
246 1995 341 2058 super
362 1974 467 2060 lapide
482 1976 616 2052 oodioes,
632 1976 709 2040 tolle
728 1977 810 2040 ilios.
857 1976 940 2040 Sane
955 1975 1036 2053 vide,
1056 1974 1204 2039 offioiales
1219 1996 1259 2038 ne

208 2092 228 2120 “
245 2083 360 2148 tollant
374 2085 477 2149 oleum
492 2094 525 2151 et
540 2086 692 2152 triticum.
739 2086 786 2151 Et
805 2108 865 2172 ogo
886 2085 953 2149 dixi
974 2085 1052 2149 tibi:
1081 2086 1136 2150 Tu
1152 2083 1260 2170 ¹neseis

207 2199 228 2228 ‘⁸
241 2193 316 2277 quia
329 2194 384 2258 ubi
399 2195 564 2280 seripturis
579 2195 792 2272 inveniuntur,
808 2196 899 2282 sipsa
914 2196 1027 2259 domus
1038 2194 1196 2259 diruitur!
1214 2193 1260 2257 Et

209 2310 229 2340 “
244 2303 375 2368 dixistis
399 2304 482 2386 Quid
497 2327 574 2391 ergo
587 2305 755 2370 faeiemusi
788 2305 834 2370 Et
850 2305 915 2369 dixi
931 2327 991 2389 ego
1011 2305 1124 2368 vobis:
1153 2303 1261 2368 Tollat

208 2420 230 2450 “
245 2412 360 2499 aliquis
381 2415 421 2478 de
441 2415 556 2479 vestris
577 2415 610 2478 in
632 2419 729 2479 tarea
751 2416 804 2479 ubi
828 2415 989 2479 orationes
1007 2414 1124 2488 facitis,
1140 2423 1174 2477 et
1194 2412 1258 2500 illio

208 2532 227 2559 “
242 2532 412 2610 ponantur.
457 2525 503 2591 Et
524 2546 584 2612 ego
606 2525 697 2590 venio
719 2546 792 2590 enm
814 2523 1008 2602 offioiolibus,
1026 2532 1060 2590 et
1079 2522 1167 2589 tollo.
1214 2523 1259 2593 Et

208 2642 230 2675 “
245 2658 305 2701 nos
317 2637 371 2701 illo
390 2638 543 2715 vonimus,
559 2645 593 2701 et
614 2636 722 2701 omnia
740 2636 931 2701 tulimus-³³
941 2636 1113 2700 seeundum
1133 2655 1258 2698 ssorum

208 2755 227 2783 “
242 2747 467 2834 praeseptum?
510 2746 676 2812 Maximus
703 2746 804 2810 dixit:
839 2745 997 2827 Quoniam
1023 2744 1091 2827 ejus
1116 2741 1260 2827 epistolae

206 2856 300 2921 leotio
315 2857 400 2941 apud
415 2863 491 2921 aeta
503 2856 640 2921 rasitata
654 2865 713 2933 est,
730 2877 826 2940 quam
840 2856 909 2942 ipse
923 2854 1055 2940 agnovit
1069 2875 1104 2917 se
1123 2850 1258 2926 misisse,

207 2987 277 3051 quae
301 2966 385 3029 dixit
407 2986 587 3051 quaesumus
611 2965 693 3031 antis
720 2966 874 3031 haereant.
922 2963 1087 3049 Speretius
1113 2960 1260 3025 duumvir

207 3074 307 3140 dixit:
341 3075 418 3157 Qua
444 3074 553 3139 dixisti
578 3075 699 3162 scripta
722 3085 807 3140 sunt.
853 3072 1022 3160 Agesilaus
1045 3071 1144 3136 dixit:
1175 3070 1258 3134 ¹Ad

206 3191 364 3268 prasente
388 3185 556 3269 epistolam
581 3185 782 3272 recognovit:
815 3185 975 3249 residuam
1000 3188 1136 3268 partem,
1163 3202 1260 3265 quam

206 3316 290 3358 nuno
310 3294 399 3379 legit,
413 3295 526 3359 salsam
548 3317 618 3360 esse
639 3296 727 3361 dioit.
772 3295 960 3359 Caeoilianus
980 3292 1084 3356 dixit:
1109 3290 1257 3367 Domine,

205 3424 306 3487 usque
319 3404 362 3468 ad
376 3402 437 3467 hoo
451 3404 568 3468 dietari
583 3426 746 3490 usquequo
761 3405 877 3469 habet:
901 3405 978 3488 Opto
992 3412 1028 3480 to,
1038 3420 1155 3486 porois
1165 3398 1260 3461 ensis

205 3510 380 3587 aimatosa
400 3512 510 3576 eslere.
555 3513 761 3599 Apronianus
782 3512 882 3577 dixit:
916 3512 1050 3597 Semper
1074 3509 1119 3573 sio
1144 3505 1258 3570 falsum

206 3642 264 3704 per
277 3627 443 3697 terrorem,
459 3643 517 3706 per
535 3643 674 3699 soonam,
688 3643 747 3708 per
761 3621 974 3707 inreligiosum
989 3624 1129 3682 mentem
1149 3622 1258 3678 aetum

207 3738 256 3794 est
285 3732 327 3795 ab
351 3731 402 3795 his
431 3732 484 3817 qui
514 3732 678 3797 catholiea
707 3732 845 3797 eoelesiae
872 3730 1050 3795 eonsentire
1079 3725 1258 3789 noluerunt.

240 3935 255 3963 ¹²
268 3924 333 3987 (sor.
346 3928 440 3987 midit,
451 3927 543 3988 docui)
642 3926 848 3990 ⁰(Supp1eadum
860 3942 890 3975 as
898 3924 1068 3988 sequendhm:
1089 3934 1176 3983 parens
1187 3916 1260 3965 Μὴ·

206 4004 266 4054 aime
276 4006 511 4057 monumen.
535 4006 591 4055 viu.
600 4024 623 4069 p.
635 4008 703 4073 ²9²·)
769 4008 804 4071 n(
808 4010 860 4069 sor.
870 4008 922 4056 Hoc
931 4008 1007 4069 signo,
1016 4004 1079 4066 quod
1088 4004 1118 4051 ds
1128 3998 1259 4065 praestatio

206 4085 449 4153 vidinhn292.)
499 4088 585 4153 ²1(on
598 4098 711 4151 oorrnpta
723 4089 774 4137 hac
785 4087 1053 4151 suntexaupsrioribus
1065 4101 1088 4146 p.
1098 4083 1257 4130 assason-

206 4166 369 4229 ferendaque
379 4169 665 4232 sequunturinpaos.)
725 4168 1007 4232 r(sor.prsoatorium.)
1077 4165 1157 4225 ¹(1e9.
1170 4161 1258 4222 etipsa

206 4248 299 4299 dmnirs.
330 4252 575 4315 Vidinsropaoa.)
671 4250 873 4313 t(sonorem.)
960 4247 1210 4311 umoppsndomsae
1220 4256 1258 4289 aa·

206 4332 341 4391 mantibus,
350 4335 483 4382 mnndum
494 4332 609 4395 placitum
620 4342 646 4381 et
654 4334 793 4381 adnotemus
804 4348 823 4380 a.
833 4349 851 4381 ι.
859 4332 896 4395 ρ.)
957 4340 971 4369 ¹
981 4330 990 4394 (
995 4330 1047 4390 sor.
1059 4327 1095 4374 A:
1104 4322 1258 4389 praessum)

250 4430 317 4476 VOL.
333 4434 376 4477 IV.
704 4434 722 4473 P
737 4433 757 4495 p
