3242 5150
366 409 432 481 19⁰
701 409 1080 474 ANNOTATIONES

364 579 413 644 ὑπ’
431 579 503 662 (ίοτ.
519 577 577 660 έπ’)
603 581 706 664 έκείνιρ
728 583 768 665 τῷ
791 581 869 664 κακῷ
890 579 1044 659 ἐπιμένων,
1060 579 1238 663 δυσχέρειαν
1260 581 1320 660 έξει
1340 581 1415 663 πρδς

365 681 419 761 τὴν
439 681 610 762 μετάνοιαν,
637 683 685 746 καὶ
708 684 808 762 ὥσπερ
831 684 848 745 ό
870 681 964 763 μέγας
988 683 1147 748 Βασίλεισς
1172 684 1207 746 έν
1226 681 1286 746 λθ.
1312 686 1414 748 κανόνι

365 785 469 865 φησίν·
493 785 570 867 ἡτῷ
590 787 685 868 μοιχῷ
706 791 835 860 συζῶσα,
850 784 991 866 μοιχαλίς
1014 786 1079 846 έστι
1100 783 1198 847 πάντα
1219 784 1273 847 τὸν
1291 789 1412 868 χρόνον·

365 887 440 948 οὕτω
456 886 504 948 καί
519 888 535 948 δ
551 887 778 967 ἀθεμιτογαμῶν
793 887 848 952 έως
867 887 905 949 δν
924 886 964 965 μὴ
982 888 1062 964 λύση
1082 885 1135 948 τὸν
1151 887 1293 965 ἀθέμιτον
1305 887 1413 968 γόμον,

364 986 526 1068 ἁμαρτάνει
541 988 590 1050 καὶ
604 990 646 1053 είς
665 986 827 1066 μετάνοιαν
846 989 967 1054 όδεκτος
987 988 1083 1050 ἔσται.
1129 987 1322 1072 Hujusmodi
1336 1012 1415 1075 nup-

364 1090 428 1153 tias
442 1089 558 1171 ubique
573 1089 741 1166 damnatas
756 1088 860 1168 fuisse,
877 1089 1018 1152 ostendit
1033 1110 1134 1152 canon
1146 1113 1210 1153 m.
1226 1089 1414 1156 Είιῗόςιιῗιαιιί

365 1189 399 1252 in
421 1191 580 1275 Ηίορστιὶα
605 1191 746 1267 emilii,
761 1191 935 1274 eodemque
955 1213 1086 1255 numero
1107 1191 1292 1277 designatus
1311 1214 1414 1257 αοοοιι

367 1293 501 1358 Conciti<
521 1293 711 1379 Αραίίααςιο,
728 1315 814 1357 xvm.
839 1293 917 1359 item
938 1293 1172 1358 Aurelianensis
1185 1295 1312 1379 ρτύοιίς
1343 1316 1414 1380 quae

365 1395 429 1460 duo
444 1395 575 1461 oonoilia
589 1395 718 1460 ineunte
732 1396 848 1460 saeoulo
863 1401 954 1459 sexto
969 1394 1002 1459 in
1018 1394 1126 1459 Gallia
1139 1395 1300 1461 celebrata
1314 1405 1398 1461 sunt.

767 1605 920 1671 OANON
944 1605 1007 1669 111.

408 1716 446 1781 P.
463 1718 533 1783 182.
549 1717 570 1781 l.
578 1734 609 1803 5.
630 1717 784 1783 πλείστοις
798 1717 919 1800 γάμοις]
940 1717 990 1780 De
1004 1717 1065 1782 inis
1084 1718 1145 1781 hoo
1159 1717 1339 1802 expositum
1352 1726 1411 1795 ost,

364 1820 418 1905 qui
440 1821 532 1905 plura
553 1819 676 1884 duobus
699 1819 936 1883 coneiliaverint
957 1820 1015 1883 sibi
1039 1819 1251 1893 matrimonia,
1274 1842 1345 1884 cum
1371 1822 1412 1884 ab

364 1923 435 1987 aliis
449 1922 627 1987 scholiastis
647 1921 779 1998 Graeois,
793 1929 864 1985 tum
885 1943 906 1985 ο
925 1921 1064 1998 Ζοοοτο,
1079 1922 1168 2006 eujus
1186 1921 1238 1985 hio
1257 1945 1413 1987 tommen-

365 2024 467 2089 tarius
481 2033 548 2088 est:
569 2021 626 2086 Ἐν
640 2023 768 2106 τετάρτῳ
785 2025 888 2087 κανόνι
907 2027 923 2086 ό
940 2023 1034 2105 μέγας
1048 2026 1215 2098 Βασίλειος,
1231 2024 1300 2091 τοὺς
1314 2025 1413 2107 τριγό-

363 2151 437 2206 μσνς
452 2127 500 2190 έπὶ
519 2126 695 2190 πενταετίαν
715 2127 908 2205 ἀφορίζεσθαι
922 2126 1018 2207 λέγει,
1039 2127 1087 2188 καὶ
1106 2129 1211 2188 τοῦτον
1229 2126 1284 2189 τδν
1302 2129 1414 2210 χρόνον

365 2229 419 2294 σύκ
442 2228 500 2291 ἀπδ
522 2230 646 2294 κανόνος
666 2227 745 2292 εἶναί
765 2237 870 2308 φησιν,
887 2227 956 2291 ἀλλ’
979 2231 1012 2290 έκ
1034 2230 1192 2306 συνηθείας
1211 2230 1259 2292 καὶ
1282 2235 1334 2309 τῆς
1354 2236 1414 2294 τῶν

364 2333 590 2416 προειληφότων
605 2332 790 2402 ἀκολουθίας,
809 2331 855 2392 καί
871 2331 924 2407 τὴν
939 2331 1097 2410 τριγαμίαν
1112 2331 1154 2402 δὲ,
1172 2331 1215 2396 είς
1224 2333 1415 2412 πολυγομίαν

365 2432 480 2515 ἆνόγει.
502 2433 569 2496 τίνα
583 2434 615 2495 δὲ
630 2433 715 2513 λέγει
738 2433 851 2514 χρόνον
870 2431 1067 2510 ὡρισμένονὸ
1085 2432 1188 2511 παρδν
1203 2435 1310 2510 κανὼν,
1325 2435 1415 2515 ἠγνό-

364 2561 441 2616 ηται,
457 2542 681 2619 προγενεστέρα
699 2535 756 2617 γόρ
777 2536 842 2597 ἐστι
861 2537 966 2618 πολλῷ
988 2536 1042 2596 τοῦ
1059 2533 1193 2615 μεγόλου
1213 2537 1375 2601 Βασιλείου
1394 2538 1414 2617 ἡ

364 2642 490 2706 συνόδσς
511 2640 593 2718 αὕτη,
609 2639 658 2701 καὶ
679 2643 833 2701 παντελῶς
856 2638 882 2699 εί
904 2637 1013 2715 ὥριστο
1032 2635 1090 2716 πρὸ
1110 2637 1216 2714 ταύτης
1234 2639 1343 2720 χρόνος
1365 2642 1414 2703 ἐπὶ

364 2744 423 2803 τῶν
437 2740 596 2821 τριγόμων,
612 2740 665 2803 ούκ
681 2739 718 2803 δν
734 2738 866 2820 ἠγνοήθη
877 2742 917 2822 τῷ
933 2740 970 2800 τδ
983 2736 1081 2799 πάντα
1095 2740 1184 2821 σοφῷ
1200 2740 1361 2823 Βασιλείιρ·
1387 2744 1415 2804 εί

363 2840 404 2920 μή
417 2864 475 2904 που
489 2841 574 2921 λέγει
594 2841 642 2903 καί
663 2842 734 2918 αὕτη
753 2840 772 2917 ἡ
788 2842 914 2904 σύνοδος
928 2836 1095 2918 ὡρισμένον
1114 2840 1237 2920 χρόνον,
1251 2839 1306 2917 τὴν
1325 2841 1414 2921 σννύι

365 2945 458 3003 θειαν.
481 2942 569 3019 όμέν
584 2941 638 3003 οδν
652 2942 770 3022 χρόνος,
788 2940 892 3019 φησὶν,
909 2936 1073 3019 δρωμένας
1087 2941 1181 3002 έστίν·
1203 2941 1222 3019 ἡ
1242 2942 1274 3003 δὲ
1292 2947 1350 3005 τῶν
1365 2943 1413 3006 έπί

364 3041 399 3119 τῇ
418 3042 556 3124 τριγαμίη
573 3041 796 3119 μετανοούντων
814 3040 1000 3120 δνσστροφὴ,
1017 3041 1097 3118 καὶὴ
1116 3042 1216 3107 πίστις
1234 3043 1254 3120 ἡ
1272 3042 1346 3122 πρὸς
1360 3043 1413 3107 τὸν

365 3141 458 3215 Θεὸν,
475 3144 633 3219 συντέμνει
651 3142 704 3204 τὸν
724 3143 845 3222 χρόνον.
870 3144 897 3204 εί
911 3145 969 3223 γὰρ
992 3143 1009 3203 ό
1028 3144 1148 3210 τούτους
1168 3146 1340 3223 οίκονομῶν,
1356 3147 1412 3229 δρᾷ

364 3242 469 3308 αὐτοὺς
491 3242 623 3319 σπονδὴν
647 3242 896 3321 ἐνδεικνυμένους,
914 3245 961 3306 καὶ
984 3245 1145 3327 θερμότητα
1164 3245 1232 3325 περὶ
1251 3244 1305 3322 τὴν
1325 3245 1413 3323 μετό-

364 3370 459 3420 νοιαν,
477 3345 524 3408 καί
548 3345 600 3407 οὐκ
620 3346 889 3424 ἀπογινώσκοντας,
906 3346 988 3408 ἀλλὰ
1006 3347 1209 3418 πιστεύοντας,
1227 3346 1272 3408 ὅτι
1290 3349 1339 3409 διδ
1359 3347 1413 3425 τὴν

363 3448 481 3525 πολλὴν
505 3449 675 3527 ἆγαθότητα
696 3452 747 3509 τοῦ
770 3452 840 3511 θεοῦ
863 3447 1046 3526 δφεθήσεται
1069 3448 1165 3510 αὐτοῖς
1190 3447 1223 3509 τὸ
1246 3446 1410 3528 όρόρτημα,

363 3556 505 3627 σνντεμεΐ
516 3548 569 3611 τὸν
584 3550 694 3630 χρόνον
709 3548 756 3610 καὶ
767 3549 931 3611 έλαττόσει
942 3548 1042 3612 αὐτόν.
1081 3548 1197 3613 Oonser
1208 3547 1318 3612 Canon
1330 3549 1411 3611 Vll.

346 3648 417 3733 ¹qui
438 3650 590 3734 sequitur,
606 3663 639 3713 et
661 3651 764 3713 XIX.
783 3652 944 3734 Amyrani
970 3650 1109 3726 θουσίύίύ,
1125 3649 1411 3734 adnotationesque

363 3750 558 3835 subjunctas.

763 3914 926 3981 CANON
953 3918 1010 3980 1v.

405 4019 487 4087 Ibid.
504 4022 523 4087 l.
536 4044 567 4108 9.
585 4024 778 4109 ἐπιθυμήσας]
798 4022 871 4090 Ηοο
890 4048 949 4111 pro
970 4028 1146 4106 ἐπιθυμῆσαι
1165 4024 1288 4111 ονίραία
1307 4027 1410 4111 θρασύ·

360 4122 471 4193 ίιόιῐιιο
499 4124 619 4190 haiom
643 4126 742 4191 habet
768 4128 970 4212 Βοτοτορίυο,
997 4134 1093 4213 prout
1124 4127 1224 4192 θυόεν
1255 4128 1410 4193 Catonum

360 4226 473 4294 Εσσίιι.
489 4226 690 4292 Ιαςίοίύίανινι
705 4236 738 4292 et
754 4228 891 4293 Ιοσαυις
911 4230 1051 4293 Αυιὶοσδ.
1098 4229 1209 4313 Neque
1228 4229 1314 4294 aliud
1334 4230 1409 4314 quid

360 4337 418 4393 aut
431 4329 539 4414 κουρία·
553 4330 727 4407 Βσόίνίσιιί,
745 4332 883 4416 demptis
898 4330 994 4395 ίνίδνι
1011 4334 1060 4397 26.
1077 4341 1110 4394 et
1131 4334 1199 4414 196.
1217 4340 1251 4395 et
1261 4350 1335 4415 715.
1351 4338 1409 4395 aut
