3242 5150
412 398 433 462 6
707 394 955 471 RELIQUIAE
981 394 1160 457 SACRAE.

412 566 509 630 etiam
540 585 598 627 nos
627 563 817 646 aliquando;
847 569 880 627 et
912 563 1081 627 eimulaora
1109 583 1180 646 quae
1206 562 1267 644 ipsi
1295 563 1456 640 finximus,

413 675 508 746 Deos,
524 673 595 738 eoeli
610 695 648 736 eo
664 681 758 737 terrae
772 672 966 757 putabamus
979 678 1145 746 auctorem
1171 672 1227 735 sed
1242 673 1455 757 redarguebat

414 803 468 846 eos
490 780 610 865 fragilis
632 780 704 858 (ior.
725 780 841 866 fragili)
863 779 1050 843 substentiae
1069 801 1136 843 suoe
1156 801 1178 843 a
1197 780 1289 844 nobis
1309 782 1456 864 prestita
1593 852 1594 863 χ

412 890 627 965 eonseeretio;
647 891 679 954 in
690 889 803 976 quibus
818 895 945 954 tentum
956 888 1167 954 venerationis
1176 887 1291 967 inerat,
1300 897 1455 973 qnantum

412 1001 533 1066 deeoris
547 998 1042 1065 manueoontuliesetertilioum.
1463 1010 1478 1066 5

455 1111 572 1174 Verum
586 1110 785 1194 omnipotens
800 1109 889 1173 Deus
902 1107 965 1186 ille,
979 1128 1074 1192 quem
1093 1130 1156 1172 non
1176 1107 1294 1172 nostris
1308 1107 1455 1172 manibus
1593 1166 1594 1211 p

410 1220 529 1292 fiotum,
546 1219 603 1283 sed
623 1218 713 1301 eujus
731 1239 790 1282 nos
804 1216 938 1282 deoebet
959 1237 1027 1281 ease
1046 1215 1243 1301 figmentum,
1254 1238 1380 1281 errores
1398 1217 1456 1282 mi-
1593 1230 1594 1289 ζ

410 1337 536 1394 seretus
561 1328 717 1392 humanos
743 1327 941 1412 Sapientiam
964 1347 1055 1392 snam
1080 1327 1167 1392 misit
1192 1327 1225 1391 in
1251 1327 1335 1391 buno
1364 1349 1454 1391 mnu·
1593 1342 1594 1409 i

411 1441 496 1516 dum,
519 1460 614 1504 earne
635 1438 792 1514 vestitam,
809 1457 880 1521 qum
901 1457 960 1500 noe
981 1437 1111 1500 dooeret
1133 1437 1247 1513 Deum,
1262 1437 1317 1521 qui
1338 1438 1455 1502 ooelum
1593 1442 1594 1481 i

410 1547 537 1612 lenisset
550 1554 585 1611 et
598 1553 727 1623 terram,
743 1559 825 1609 ¹¹non
839 1544 873 1608 in
887 1545 1077 1610 mnnuieetis
1091 1545 1146 1608 sed
1161 1545 1194 1608 in
1213 1543 1343 1609 aeternis
1356 1551 1498 1630 atquero
1593 1610 1594 1631 3

409 1654 616 1721 invisibilibus
630 1655 862 1741 requirendum.
908 1654 992 1718 Vitae
1006 1654 1105 1718 etiam
1123 1653 1214 1717 nobis
1227 1653 1324 1738 leges,
1338 1675 1377 1717 ao
1391 1653 1453 1716 die-

410 1765 532 1850 eiplinae
552 1772 713 1850 praeeepta
732 1764 908 1840 eonstituit,
924 1784 1050 1827 servare
1070 1762 1306 1848 parsimoniam,
1319 1784 1454 1848 pauper·
1593 1756 1594 1759 '

410 1881 480 1939 tate
500 1875 649 1959 gaudere,
664 1873 939 1938 mansuetudinem
960 1871 1072 1950 eolere,
1087 1873 1217 1938 studere
1233 1873 1313 1957 peni,
1332 1873 1452 1957 purita-
1593 1898 1594 1907 ¹

410 1992 477 2049 tem
496 1982 600 2048 oordis
619 1983 780 2067 amplecti,
794 1982 985 2069 patientiam
1004 1983 1172 2048 custodire.
1217 1981 1329 2048 Sedet
1346 1983 1453 2046 omnia

410 2093 478 2158 beno
500 2115 571 2178 ques
593 2113 676 2158 nune
697 2093 865 2158 adversum
887 2113 946 2157 nos
965 2092 1089 2180 geritis,
1108 2103 1243 2158 ventura
1267 2091 1359 2156 nobis
1384 2113 1497 2174 esse15
1593 2124 1594 2181 3

410 2202 577 2287 praedixit3
612 2202 816 2266 beducendos
836 2224 895 2266 nos
916 2209 993 2267 ante
1015 2224 1114 2287 reges,
1129 2209 1162 2266 et
1183 2207 1260 2266 ente
1281 2203 1453 2268 tribunalia

405 2309 548 2394 judioum
562 2311 757 2386 statuendos,
773 2331 811 2374 ne
830 2310 925 2374 veluti
946 2311 1106 2376 vietimam
1124 2311 1326 2396 jugulandos.
1372 2311 1452 2376 Inde

407 2425 458 2482 est
472 2418 615 2502 denique,
632 2419 716 2501 quod
734 2425 768 2482 et
786 2419 855 2504 ipae
869 2419 923 2504 qui
938 2428 1009 2485 eret
1026 2419 1221 2496 immortalis,
1237 2428 1351 2504 utpote
1366 2420 1449 2485 Ver-

409 2525 485 2591 bum
500 2533 533 2592 et
548 2525 713 2613 Sapientia
734 2527 805 2607 nei,
820 2527 916 2593 morti
930 2550 965 2593 se
983 2528 1132 2613 praebuit,
1146 2550 1209 2614 quo
1227 2529 1318 2594 nobis
1337 2529 1371 2593 in
1384 2552 1452 2594 eor-
1487 2535 1491 2540 ’

408 2658 486 2723 pore
505 2638 627 2722 positus
646 2636 810 2723 petientiae
831 2636 989 2722 praeberet
1007 2638 1194 2722 exemplum.
1239 2638 1303 2702 Sed
1320 2660 1380 2702 neo
1393 2658 1495 2703 nosne

409 2768 467 2810 sue
488 2754 591 2811 morte
610 2746 747 2830 deeepit,
769 2746 883 2830 quibus
902 2754 977 2830 post
999 2748 1131 2812 tertium
1150 2748 1234 2812 diem
1256 2748 1449 2819 resurrexit;

409 2873 473 2916 non
487 2862 524 2916 ut
545 2853 619 2929 ista,
634 2875 705 2937 quae
727 2875 810 2918 nune
824 2855 905 2919 falso
918 2856 1169 2933 conscribuntur,
1184 2856 1349 2920 oontinent
1364 2859 1452 2922 Aeta

410 2960 517 3032 Pilati,
534 2962 589 3025 sed
608 2961 768 3041 inponens,
787 2964 1020 3039 immnouletns.
1036 2976 1070 3030 et
1090 2987 1190 3051 punrs
1208 2968 1252 3031 ad
1268 2968 1331 3032 hoe
1349 2967 1453 3030 solurn

408 3075 545 3133 mertem
577 3071 725 3156 suseepit,
760 3078 798 3137 ut
831 3094 903 3137 enm
935 3073 1076 3140 vinoeret
1111 3076 1315 3161 resurgendo.
1372 3077 1452 3157 Quae

408 3184 517 3243 autem
539 3180 619 3254 dieo,
635 3200 699 3245 non
721 3190 797 3248 sunt
818 3182 851 3246 in
872 3184 1009 3249 obeenro
1027 3191 1121 3269 geete
1141 3186 1221 3263 loeo,
1236 3208 1295 3249 nee
1314 3186 1452 3251 testibus
1461 3208 1498 3267 ²5

408 3286 560 3371 indigent.
606 3289 688 3355 Pars
702 3312 781 3374 pene
797 3292 907 3356 mundi
918 3292 987 3377 jam
1001 3294 1104 3378 major
1123 3294 1196 3359 huie
1210 3294 1338 3359 veritati
1351 3295 1451 3360 edeti-

408 3393 555 3478 puleium
580 3396 675 3461 urbes
697 3397 848 3485 integrm
876 3408 934 3465 eut
956 3400 984 3465 si
1004 3401 1038 3464 in
1059 3401 1109 3466 his
1129 3402 1248 3487 aliquid
1270 3411 1450 3488 suepeotnm

407 3502 541 3581 videtur,
562 3512 762 3572 contestatur
783 3510 824 3572 de
845 3508 895 3573 bis
918 3510 1017 3575 etiem
1037 3512 1174 3597 agrestis
1193 3535 1316 3591 manus,
1338 3514 1452 3598 ignare

407 3612 560 3697 figmenti.
605 3614 640 3678 Si
661 3615 765 3680 minus
784 3616 889 3681 edhue
909 3618 1058 3696 ereditur,
1073 3620 1233 3687 adhibebo
1247 3622 1336 3687 vobis
1353 3622 1453 3690 etiem

406 3720 467 3785 loei
489 3721 597 3805 ipsius,
619 3722 652 3787 in
675 3745 737 3807 quo
759 3746 810 3789 res
831 3733 925 3811 geste
944 3734 1003 3804 est,
1026 3718 1254 3796 testimonium.
1296 3731 1453 3817 Adstipu-
1461 3751 1498 3806 30

405 3829 492 3894 letur
514 3829 564 3895 his
583 3831 651 3915 ipse
670 3832 704 3895 in
719 3832 950 3918 Hierosolymis
969 3834 1069 3913 loeus,
1080 3844 1114 3901 et
1133 3838 1336 3921 Golgotbene
1356 3861 1455 3924 rupes

406 3937 465 4000 sub
488 3938 621 4024 patibuli
643 3961 739 4007 onere
761 3942 924 4027 disrupta:
957 3951 1087 4010 entmm
1108 3967 1234 4030 quoque
1254 3947 1348 4022 illud,
1366 3950 1453 4031 quod

405 4045 522 4111 avulsis
550 4047 662 4115 inferni
685 4051 792 4134 januis
817 4074 932 4137 oorpus
957 4054 1061 4117 denuo
1087 4055 1227 4119 reddidit
1255 4056 1452 4131 animatum

568 4312 582 4343 Ι
593 4302 647 4352 Aet
658 4304 700 4351 vii.
712 4306 752 4361 48.
1060 4308 1071 4341 ⁸
1082 4308 1146 4357 blut.
1158 4324 1182 4357 ι.
1198 4311 1234 4368 rt,
1250 4322 1287 4369 ro.
