<?xml version="1.0" encoding="UTF-8"?>
<!DOCTYPE html PUBLIC "-//W3C//DTD XHTML 1.0 Transitional//EN"
    "http://www.w3.org/TR/xhtml1/DTD/xhtml1-transitional.dtd">
<html xmlns="http://www.w3.org/1999/xhtml" xml:lang="en" lang="en">
 <head>
  <title>
</title>
<meta http-equiv="Content-Type" content="text/html;charset=utf-8" />
  <meta name='ocr-system' content='tesseract 3.04.00' />
  <meta name='ocr-capabilities' content='ocr_page ocr_carea ocr_par ocr_line ocrx_word'/>
</head>
<body>
  <div class='ocr_page' id='page_1' title='image "./reliquiaesacrae12routgoog_0415.png"; bbox 0 0 3242 5150; ppageno 0'>
   <div class='ocr_carea' id='block_1_1' title="bbox 322 408 1232 474">
    <p class='ocr_par' dir='ltr' id='par_1_1' title="bbox 322 408 1232 474">
     <span class='ocr_line' id='line_1_1' title="bbox 322 408 1232 474; baseline 0.002 -2"><span class='ocrx_word' id='word_1_1' title='bbox 322 411 353 471; x_wconf 90' lang='lat' dir='ltr'>S.</span> <span class='ocrx_word' id='word_1_2' title='bbox 377 408 598 472; x_wconf 89' lang='lat' dir='ltr'>DIONYSII</span> <span class='ocrx_word' id='word_1_3' title='bbox 622 409 769 473; x_wconf 86' lang='lat' dir='ltr'><strong>ALEX.</strong></span> <span class='ocrx_word' id='word_1_4' title='bbox 794 409 859 472; x_wconf 90' lang='lat' dir='ltr'>DE</span> <span class='ocrx_word' id='word_1_5' title='bbox 887 409 1098 473; x_wconf 83' lang='lat' dir='ltr'><strong>NATURA.</strong></span> <span class='ocrx_word' id='word_1_6' title='bbox 1169 413 1232 474; x_wconf 78' lang='lat'>405</span> 
     </span>
    </p>
   </div>
   <div class='ocr_carea' id='block_1_2' title="bbox 188 579 1236 1071">
    <p class='ocr_par' dir='ltr' id='par_1_2' title="bbox 188 579 1236 957">
     <span class='ocr_line' id='line_1_2' title="bbox 188 579 1236 685; baseline 0.003 -26"><span class='ocrx_word' id='word_1_7' title='bbox 188 585 300 685; x_wconf 82' lang='grc' dir='ltr'>ἀρχῆς</span> <span class='ocrx_word' id='word_1_8' title='bbox 318 584 377 660; x_wconf 80' lang='grc' dir='ltr'>καὶ</span> <span class='ocrx_word' id='word_1_9' title='bbox 395 579 467 660; x_wconf 80' lang='grc' dir='ltr'>ἀπὸ</span> <span class='ocrx_word' id='word_1_10' title='bbox 485 579 663 680; x_wconf 75' lang='grc' dir='ltr'>ποιήσεως</span> <span class='ocrx_word' id='word_1_11' title='bbox 677 583 804 685; x_wconf 43' lang='grc' dir='ltr'>αὐτῶν)</span> <span class='ocrx_word' id='word_1_12' title='bbox 819 583 991 662; x_wconf 76' lang='grc' dir='ltr'>διέστειλε</span> <span class='ocrx_word' id='word_1_13' title='bbox 1010 582 1155 685; x_wconf 77' lang='grc' dir='ltr'>μερίδας</span> <span class='ocrx_word' id='word_1_14' title='bbox 1174 585 1236 662; x_wconf 84' lang='grc' dir='ltr'>αὐ-</span> 
     </span>
     <span class='ocr_line' id='line_1_3' title="bbox 188 713 1236 821; baseline 0.006 -25"><span class='ocrx_word' id='word_1_15' title='bbox 188 724 270 815; x_wconf 85' lang='grc' dir='ltr'>τῶν,</span> <span class='ocrx_word' id='word_1_16' title='bbox 299 714 502 817; x_wconf 82' lang='grc' dir='ltr'>ἐκόσμησεν</span> <span class='ocrx_word' id='word_1_17' title='bbox 531 722 577 800; x_wconf 79' lang='grc' dir='ltr'>εἷς</span> <span class='ocrx_word' id='word_1_18' title='bbox 606 721 719 795; x_wconf 74' lang='grc' dir='ltr'>αἰῶνα</span> <span class='ocrx_word' id='word_1_19' title='bbox 745 713 792 795; x_wconf 86' lang='grc' dir='ltr'>τά</span> <span class='ocrx_word' id='word_1_20' title='bbox 824 717 912 821; x_wconf 80' lang='grc' dir='ltr'>ἔργα</span> <span class='ocrx_word' id='word_1_21' title='bbox 939 720 1057 815; x_wconf 83' lang='grc' dir='ltr'>αὑτοῦ,</span> <span class='ocrx_word' id='word_1_22' title='bbox 1083 720 1141 797; x_wconf 83' lang='grc' dir='ltr'>καὶ</span> <span class='ocrx_word' id='word_1_23' title='bbox 1172 715 1236 802; x_wconf 79' lang='grc' dir='ltr'>τὰς</span> 
     </span>
     <span class='ocr_line' id='line_1_4' title="bbox 188 849 787 957; baseline 0 -25"><span class='ocrx_word' id='word_1_24' title='bbox 188 851 302 957; x_wconf 84' lang='grc' dir='ltr'>ἀρχὰς</span> <span class='ocrx_word' id='word_1_25' title='bbox 319 853 435 931; x_wconf 81' lang='grc' dir='ltr'>αὐτῶν</span> <span class='ocrx_word' id='word_1_26' title='bbox 452 858 500 935; x_wconf 80' lang='grc' dir='ltr'>εἰς</span> <span class='ocrx_word' id='word_1_27' title='bbox 519 849 640 952; x_wconf 87' lang='grc' dir='ltr'>γενεάς</span> <span class='ocrx_word' id='word_1_28' title='bbox 660 852 787 932; x_wconf 82' lang='grc' dir='ltr'>αι’ντῶν.</span> 
     </span>
    </p>

    <p class='ocr_par' dir='ltr' id='par_1_3' title="bbox 233 987 632 1071">
     <span class='ocr_line' id='line_1_5' title="bbox 233 987 632 1071; baseline -0.005 -19"><span class='ocrx_word' id='word_1_29' title='bbox 233 989 291 1052; x_wconf 80' lang='grc' dir='ltr'>Καὶ</span> <span class='ocrx_word' id='word_1_30' title='bbox 304 992 380 1067; x_wconf 75' lang='grc' dir='ltr'>μετὰ</span> <span class='ocrx_word' id='word_1_31' title='bbox 393 987 513 1071; x_wconf 74' lang='grc' dir='ltr'>βραχέα</span> <span class='ocrx_word' id='word_1_32' title='bbox 526 989 632 1069; x_wconf 81' lang='grc' dir='ltr'>φησὶν,</span> 
     </span>
    </p>
   </div>
   <div class='ocr_carea' id='block_1_3' title="bbox 162 1183 1237 1401">
    <p class='ocr_par' dir='ltr' id='par_1_4' title="bbox 162 1183 1237 1401">
     <span class='ocr_line' id='line_1_6' title="bbox 683 1183 746 1249; baseline 0.063 -5"><span class='ocrx_word' id='word_1_33' title='bbox 683 1183 746 1249; x_wconf 86' lang='lat' dir='ltr'>VI.</span> 
     </span>
     <span class='ocr_line' id='line_1_7' title="bbox 162 1291 1237 1401; baseline 0.004 -31"><span class='ocrx_word' id='word_1_34' title='bbox 162 1311 178 1370; x_wconf 83' lang='lat'><strong>5</strong></span> <span class='ocrx_word' id='word_1_35' title='bbox 237 1296 294 1376; x_wconf 88' lang='grc' dir='ltr'><strong>Ἤ</strong></span> <span class='ocrx_word' id='word_1_36' title='bbox 314 1329 367 1379; x_wconf 89' lang='grc' dir='ltr'>τις</span> <span class='ocrx_word' id='word_1_37' title='bbox 394 1296 506 1376; x_wconf 78' lang='grc' dir='ltr'>οὕτως</span> <span class='ocrx_word' id='word_1_38' title='bbox 529 1295 696 1377; x_wconf 77' lang='grc' dir='ltr'>εὔτακτος</span> <span class='ocrx_word' id='word_1_39' title='bbox 719 1291 870 1373; x_wconf 78' lang='grc' dir='ltr'>πεδιάδα</span> <span class='ocrx_word' id='word_1_40' title='bbox 888 1298 958 1395; x_wconf 81' lang='grc' dir='ltr'>γῆν</span> <span class='ocrx_word' id='word_1_41' title='bbox 978 1293 1147 1374; x_wconf 80' lang='grc' dir='ltr'>διώδευσε</span> <span class='ocrx_word' id='word_1_42' title='bbox 1165 1295 1237 1401; x_wconf 79' lang='grc' dir='ltr'>φά-</span> 
     </span>
    </p>
   </div>
   <div class='ocr_carea' id='block_1_4' title="bbox 189 1427 1237 1536">
    <p class='ocr_par' dir='ltr' id='par_1_5' title="bbox 189 1427 1237 1536">
     <span class='ocr_line' id='line_1_8' title="bbox 189 1427 1237 1536; baseline 0 -27"><span class='ocrx_word' id='word_1_43' title='bbox 189 1431 299 1536; x_wconf 79' lang='grc' dir='ltr'>λαγξ,</span> <span class='ocrx_word' id='word_1_44' title='bbox 319 1431 361 1508; x_wconf 85' lang='grc' dir='ltr'>οὐ</span> <span class='ocrx_word' id='word_1_45' title='bbox 387 1427 601 1531; x_wconf 78' lang='grc' dir='ltr'>προθέοντος</span> <span class='ocrx_word' id='word_1_46' title='bbox 627 1427 779 1525; x_wconf 80' lang='grc' dir='ltr'>οὐδενὸς,</span> <span class='ocrx_word' id='word_1_47' title='bbox 798 1429 862 1507; x_wconf 85' lang='grc' dir='ltr'>οὐκ</span> <span class='ocrx_word' id='word_1_48' title='bbox 883 1429 1148 1530; x_wconf 70' lang='grc' dir='ltr'>ἐκτρεπομενου,</span> <span class='ocrx_word' id='word_1_49' title='bbox 1174 1432 1237 1509; x_wconf 81' lang='grc' dir='ltr'>οὐκ</span> 
     </span>
    </p>
   </div>
   <div class='ocr_carea' id='block_1_5' title="bbox 190 1561 1237 1667">
    <p class='ocr_par' dir='ltr' id='par_1_6' title="bbox 190 1561 1237 1667">
     <span class='ocr_line' id='line_1_9' title="bbox 190 1561 1237 1667; baseline -0.003 -22"><span class='ocrx_word' id='word_1_50' title='bbox 190 1569 552 1664; x_wconf 82' lang='grc' dir='ltr'>ε’μποδοστατοῦντος,</span> <span class='ocrx_word' id='word_1_51' title='bbox 571 1564 634 1641; x_wconf 83' lang='grc' dir='ltr'>οὐκ</span> <span class='ocrx_word' id='word_1_52' title='bbox 652 1561 936 1660; x_wconf 69' lang='grc' dir='ltr'>ἀπολειπομένου</span> <span class='ocrx_word' id='word_1_53' title='bbox 954 1569 1026 1641; x_wconf 88' lang='grc' dir='ltr'>τῶν</span> <span class='ocrx_word' id='word_1_54' title='bbox 1044 1597 1237 1667; x_wconf 88' lang='grc' dir='ltr'>συμπαρα-</span> 
     </span>
    </p>
   </div>
   <div class='ocr_carea' id='block_1_6' title="bbox 190 1698 1238 1802">
    <p class='ocr_par' dir='ltr' id='par_1_7' title="bbox 190 1698 1238 1802">
     <span class='ocr_line' id='line_1_10' title="bbox 190 1698 1238 1802; baseline -0.002 -23"><span class='ocrx_word' id='word_1_55' title='bbox 190 1699 439 1802; x_wconf 79' lang='grc' dir='ltr'>τεταγμένων;</span> <span class='ocrx_word' id='word_1_56' title='bbox 471 1702 518 1782; x_wconf 84' lang='grc' dir='ltr'>ὡς</span> <span class='ocrx_word' id='word_1_57' title='bbox 545 1698 746 1802; x_wconf 81' lang='grc' dir='ltr'>ἰσόστοιχοι</span> <span class='ocrx_word' id='word_1_58' title='bbox 773 1701 833 1776; x_wconf 81' lang='grc' dir='ltr'>καὶ</span> <span class='ocrx_word' id='word_1_59' title='bbox 857 1704 1162 1783; x_wconf 86' lang='grc' dir='ltr'>συνασπιδοῦντες</span> <span class='ocrx_word' id='word_1_60' title='bbox 1184 1702 1238 1779; x_wconf 81' lang='grc' dir='ltr'>ἀεὶ</span> 
     </span>
    </p>
   </div>
   <div class='ocr_carea' id='block_1_7' title="bbox 144 1831 1238 2608">
    <p class='ocr_par' dir='ltr' id='par_1_8' title="bbox 144 1831 1238 2608">
     <span class='ocr_line' id='line_1_11' title="bbox 190 1831 1237 1939; baseline -0.002 -23"><span class='ocrx_word' id='word_1_61' title='bbox 190 1835 368 1938; x_wconf 83' lang='grc' dir='ltr'>προΐασιν,</span> <span class='ocrx_word' id='word_1_62' title='bbox 388 1838 408 1914; x_wconf 88' lang='grc' dir='ltr'><strong><em>ὁ</em></strong></span> <span class='ocrx_word' id='word_1_63' title='bbox 426 1831 579 1938; x_wconf 84' lang='grc' dir='ltr'>συνεχής</span> <span class='ocrx_word' id='word_1_64' title='bbox 604 1866 642 1912; x_wconf 92' lang='grc' dir='ltr'>τε</span> <span class='ocrx_word' id='word_1_65' title='bbox 664 1837 723 1913; x_wconf 84' lang='grc' dir='ltr'>καὶ</span> <span class='ocrx_word' id='word_1_66' title='bbox 748 1831 973 1930; x_wconf 87' lang='grc' dir='ltr'>ἀδιάστοτος,</span> <span class='ocrx_word' id='word_1_67' title='bbox 999 1833 1178 1939; x_wconf 85' lang='grc' dir='ltr'>ἀόχλητός</span> <span class='ocrx_word' id='word_1_68' title='bbox 1199 1869 1237 1915; x_wconf 87' lang='grc' dir='ltr'>τε</span> 
     </span>
     <span class='ocr_line' id='line_1_12' title="bbox 144 1968 1234 2071; baseline 0 -22"><span class='ocrx_word' id='word_1_69' title='bbox 144 1995 182 2033; x_wconf 87' lang='lat'>10</span> <span class='ocrx_word' id='word_1_70' title='bbox 191 1973 249 2049; x_wconf 79' lang='grc' dir='ltr'>καὶ</span> <span class='ocrx_word' id='word_1_71' title='bbox 267 1969 527 2069; x_wconf 71' lang='grc' dir='ltr'>ἀνεμπόδιστος</span> <span class='ocrx_word' id='word_1_72' title='bbox 545 1977 617 2049; x_wconf 83' lang='grc' dir='ltr'>τῶν</span> <span class='ocrx_word' id='word_1_73' title='bbox 635 1968 781 2071; x_wconf 89' lang='grc' dir='ltr'>ἀστρων</span> <span class='ocrx_word' id='word_1_74' title='bbox 805 1968 974 2071; x_wconf 88' lang='grc' dir='ltr'>στρατός.</span> <span class='ocrx_word' id='word_1_75' title='bbox 1006 1973 1093 2047; x_wconf 90' lang='grc' dir='ltr'>ἀλλ’</span> <span class='ocrx_word' id='word_1_76' title='bbox 1112 1972 1234 2070; x_wconf 80' lang='grc' dir='ltr'>ἐγκλί-</span> 
     </span>
     <span class='ocr_line' id='line_1_13' title="bbox 191 2100 1238 2205; baseline 0.004 -23"><span class='ocrx_word' id='word_1_77' title='bbox 191 2137 276 2182; x_wconf 89' lang='grc' dir='ltr'>σεσι</span> <span class='ocrx_word' id='word_1_78' title='bbox 301 2105 358 2182; x_wconf 79' lang='grc' dir='ltr'>καὶ</span> <span class='ocrx_word' id='word_1_79' title='bbox 385 2111 462 2186; x_wconf 83' lang='grc' dir='ltr'>ταῖς</span> <span class='ocrx_word' id='word_1_80' title='bbox 490 2109 538 2186; x_wconf 80' lang='grc' dir='ltr'>εἰς</span> <span class='ocrx_word' id='word_1_81' title='bbox 564 2100 722 2204; x_wconf 80' lang='grc' dir='ltr'>πλάγιον</span> <span class='ocrx_word' id='word_1_82' title='bbox 750 2102 943 2197; x_wconf 82' lang='grc' dir='ltr'>ἐκνεύσεσι,</span> <span class='ocrx_word' id='word_1_83' title='bbox 963 2103 1125 2205; x_wconf 82' lang='grc' dir='ltr'>γίνονταί</span> <span class='ocrx_word' id='word_1_84' title='bbox 1147 2137 1238 2186; x_wconf 89' lang='grc' dir='ltr'>τινες</span> 
     </span>
     <span class='ocr_line' id='line_1_14' title="bbox 191 2234 1238 2342; baseline -0.002 -24"><span class='ocrx_word' id='word_1_85' title='bbox 191 2240 307 2318; x_wconf 69' lang='grc' dir='ltr'>αὐτῶν</span> <span class='ocrx_word' id='word_1_86' title='bbox 333 2237 460 2337; x_wconf 84' lang='grc' dir='ltr'>ἄδηλοι</span> <span class='ocrx_word' id='word_1_87' title='bbox 488 2239 629 2339; x_wconf 85' lang='grc' dir='ltr'>τροπαί.</span> <span class='ocrx_word' id='word_1_88' title='bbox 666 2240 724 2315; x_wconf 82' lang='grc' dir='ltr'>καὶ</span> <span class='ocrx_word' id='word_1_89' title='bbox 751 2234 823 2334; x_wconf 80' lang='grc' dir='ltr'>μὴν</span> <span class='ocrx_word' id='word_1_90' title='bbox 850 2238 903 2315; x_wconf 82' lang='grc' dir='ltr'>ἀεὶ</span> <span class='ocrx_word' id='word_1_91' title='bbox 931 2243 1238 2342; x_wconf 84' lang='grc' dir='ltr'>καιροφυλακοῦσι</span> 
     </span>
     <span class='ocr_line' id='line_1_15' title="bbox 192 2368 1238 2474; baseline -0.002 -22"><span class='ocrx_word' id='word_1_92' title='bbox 192 2376 250 2452; x_wconf 82' lang='grc' dir='ltr'>καὶ</span> <span class='ocrx_word' id='word_1_93' title='bbox 268 2379 491 2474; x_wconf 82' lang='grc' dir='ltr'>προορῶνται</span> <span class='ocrx_word' id='word_1_94' title='bbox 515 2369 578 2453; x_wconf 87' lang='grc' dir='ltr'>τάς</span> <span class='ocrx_word' id='word_1_95' title='bbox 600 2370 728 2474; x_wconf 79' lang='grc' dir='ltr'>χώρας,</span> <span class='ocrx_word' id='word_1_96' title='bbox 748 2369 830 2448; x_wconf 77' lang='grc' dir='ltr'>ὅθεν</span> <span class='ocrx_word' id='word_1_97' title='bbox 853 2370 1004 2453; x_wconf 80' lang='grc' dir='ltr'>ἕκαστος</span> <span class='ocrx_word' id='word_1_98' title='bbox 1033 2368 1183 2468; x_wconf 78' lang='grc' dir='ltr'>ἄνεισιν,</span> <span class='ocrx_word' id='word_1_99' title='bbox 1205 2377 1238 2450; x_wconf 83' lang='grc' dir='ltr'>οἶ</span> 
     </span>
     <span class='ocr_line' id='line_1_16' title="bbox 191 2500 1238 2608; baseline 0 -23"><span class='ocrx_word' id='word_1_100' title='bbox 191 2505 327 2590; x_wconf 83' lang='grc' dir='ltr'>τούτοις</span> <span class='ocrx_word' id='word_1_101' title='bbox 345 2500 647 2608; x_wconf 85' lang='grc' dir='ltr'>προσεσχηκότες.</span> <span class='ocrx_word' id='word_1_102' title='bbox 684 2502 904 2583; x_wconf 86' lang='grc' dir='ltr'>Εὶπάτωσαν</span> <span class='ocrx_word' id='word_1_103' title='bbox 923 2504 986 2583; x_wconf 82' lang='grc' dir='ltr'>οὖν</span> <span class='ocrx_word' id='word_1_104' title='bbox 1003 2504 1088 2603; x_wconf 84' lang='grc' dir='ltr'>ἡμῖν</span> <span class='ocrx_word' id='word_1_105' title='bbox 1107 2509 1140 2584; x_wconf 82' lang='grc' dir='ltr'>οἱ</span> <span class='ocrx_word' id='word_1_106' title='bbox 1166 2512 1238 2585; x_wconf 83' lang='grc' dir='ltr'>τῶν</span> 
     </span>
    </p>
   </div>
   <div class='ocr_carea' id='block_1_8' title="bbox 147 2637 1239 2737">
    <p class='ocr_par' dir='ltr' id='par_1_9' title="bbox 147 2637 1239 2737">
     <span class='ocr_line' id='line_1_17' title="bbox 147 2637 1239 2737; baseline -0.001 -19"><span class='ocrx_word' id='word_1_107' title='bbox 147 2637 335 2736; x_wconf 79' lang='grc' dir='ltr'>15ἀτόμων</span> <span class='ocrx_word' id='word_1_108' title='bbox 361 2646 490 2735; x_wconf 86' lang='grc' dir='ltr'>τομεΐς,</span> <span class='ocrx_word' id='word_1_109' title='bbox 519 2640 676 2715; x_wconf 82' lang='grc' dir='ltr'>καὶτῶν</span> <span class='ocrx_word' id='word_1_110' title='bbox 707 2639 848 2737; x_wconf 82' lang='grc' dir='ltr'>ἀμερῶν</span> <span class='ocrx_word' id='word_1_111' title='bbox 875 2639 1050 2737; x_wconf 74' lang='grc' dir='ltr'>μερισταὶ,</span> <span class='ocrx_word' id='word_1_112' title='bbox 1080 2643 1138 2715; x_wconf 85' lang='grc' dir='ltr'>καὶ</span> <span class='ocrx_word' id='word_1_113' title='bbox 1166 2644 1239 2717; x_wconf 82' lang='grc' dir='ltr'>τῶν</span> 
     </span>
    </p>
   </div>
   <div class='ocr_carea' id='block_1_9' title="bbox 194 2768 1237 2874">
    <p class='ocr_par' dir='ltr' id='par_1_10' title="bbox 194 2768 1237 2874">
     <span class='ocr_line' id='line_1_18' title="bbox 194 2768 1237 2874; baseline 0.005 -22"><span class='ocrx_word' id='word_1_114' title='bbox 194 2773 400 2852; x_wconf 76' lang='grc' dir='ltr'>ἀσυνθέτων</span> <span class='ocrx_word' id='word_1_115' title='bbox 426 2779 647 2873; x_wconf 83' lang='grc' dir='ltr'>συναγωγεῖς</span> <span class='ocrx_word' id='word_1_116' title='bbox 674 2774 733 2850; x_wconf 77' lang='grc' dir='ltr'>καὶ</span> <span class='ocrx_word' id='word_1_117' title='bbox 757 2770 803 2849; x_wconf 81' lang='grc' dir='ltr'>τὰ</span> <span class='ocrx_word' id='word_1_118' title='bbox 830 2768 959 2873; x_wconf 87' lang='grc' dir='ltr'>ἀπειρα</span> <span class='ocrx_word' id='word_1_119' title='bbox 985 2780 1237 2874; x_wconf 85' lang='grc' dir='ltr'>περινοοῦντες,</span> 
     </span>
    </p>
   </div>
   <div class='ocr_carea' id='block_1_10' title="bbox 192 2905 1238 3015">
    <p class='ocr_par' dir='ltr' id='par_1_11' title="bbox 192 2905 1238 3015">
     <span class='ocr_line' id='line_1_19' title="bbox 192 2905 1238 3015; baseline 0.001 -27"><span class='ocrx_word' id='word_1_120' title='bbox 192 2905 302 2989; x_wconf 85' lang='grc' dir='ltr'>πόθεν</span> <span class='ocrx_word' id='word_1_121' title='bbox 322 2909 344 3007; x_wconf 86' lang='grc' dir='ltr'><strong><em>ἡ</em></strong></span> <span class='ocrx_word' id='word_1_122' title='bbox 371 2906 612 3015; x_wconf 81' lang='grc' dir='ltr'>κυκλοφορικὴ</span> <span class='ocrx_word' id='word_1_123' title='bbox 639 2914 711 2987; x_wconf 83' lang='grc' dir='ltr'>τῶν</span> <span class='ocrx_word' id='word_1_124' title='bbox 736 2908 908 3009; x_wconf 79' lang='grc' dir='ltr'>οὐρανίων</span> <span class='ocrx_word' id='word_1_125' title='bbox 926 2909 1075 2986; x_wconf 81' lang='grc' dir='ltr'>σννοδία</span> <span class='ocrx_word' id='word_1_126' title='bbox 1096 2913 1154 2988; x_wconf 76' lang='grc' dir='ltr'>καὶ</span> <span class='ocrx_word' id='word_1_127' title='bbox 1176 2944 1238 2991; x_wconf 93' lang='grc' dir='ltr'>πε-</span> 
     </span>
    </p>
   </div>
   <div class='ocr_carea' id='block_1_11' title="bbox 144 3090 1238 4446">
    <p class='ocr_par' dir='ltr' id='par_1_12' title="bbox 145 3090 1237 3403">
     <span class='ocr_line' id='line_1_20' title="bbox 193 3090 1237 3154; baseline 0.003 -3"><span class='ocrx_word' id='word_1_128' title='bbox 193 3092 312 3151; x_wconf 76' lang='lat' dir='ltr'><em>illorum.</em></span> <span class='ocrx_word' id='word_1_129' title='bbox 360 3092 483 3151; x_wconf 76' lang='grc' dir='ltr'>Οτπαυίι</span> <span class='ocrx_word' id='word_1_130' title='bbox 506 3092 536 3150; x_wconf 80' lang='lat' dir='ltr'>in</span> <span class='ocrx_word' id='word_1_131' title='bbox 557 3101 688 3150; x_wconf 76' lang='lat' dir='ltr'><em>eternum</em></span> <span class='ocrx_word' id='word_1_132' title='bbox 738 3091 820 3151; x_wconf 82' lang='lat' dir='ltr'><em>obice</em></span> <span class='ocrx_word' id='word_1_133' title='bbox 838 3090 901 3149; x_wconf 89' lang='lat' dir='ltr'><strong>ullo</strong></span> <span class='ocrx_word' id='word_1_134' title='bbox 914 3091 1078 3151; x_wconf 74' lang='lat' dir='ltr'><em>retardatae</em></span> <span class='ocrx_word' id='word_1_135' title='bbox 1093 3104 1237 3154; x_wconf 80' lang='lat' dir='ltr'><strong>astrorum</strong></span> 
     </span>
     <span class='ocr_line' id='line_1_21' title="bbox 192 3172 1237 3254; baseline 0.004 -25"><span class='ocrx_word' id='word_1_136' title='bbox 192 3193 279 3250; x_wconf 82' lang='lat' dir='ltr'><em>opere</em></span> <span class='ocrx_word' id='word_1_137' title='bbox 299 3194 363 3243; x_wconf 83' lang='grc' dir='ltr'>ςιια,</span> <span class='ocrx_word' id='word_1_138' title='bbox 386 3181 413 3230; x_wconf 86' lang='lat' dir='ltr'><em>et</em></span> <span class='ocrx_word' id='word_1_139' title='bbox 430 3173 574 3251; x_wconf 76' lang='lat' dir='ltr'><strong><em>principia</em></strong></span> <span class='ocrx_word' id='word_1_140' title='bbox 595 3193 689 3231; x_wconf 81' lang='lat' dir='ltr'><em>eorum</em></span> <span class='ocrx_word' id='word_1_141' title='bbox 739 3173 884 3231; x_wconf 81' lang='lat' dir='ltr'><em>exercitus</em></span> <span class='ocrx_word' id='word_1_142' title='bbox 904 3172 1111 3250; x_wconf 79' lang='lat' dir='ltr'>progreditur?</span> <span class='ocrx_word' id='word_1_143' title='bbox 1143 3175 1237 3254; x_wconf 88' lang='lat' dir='ltr'><strong>Atqui</strong></span> 
     </span>
     <span class='ocr_line' id='line_1_22' title="bbox 145 3251 1236 3329; baseline 0.003 -19"><span class='ocrx_word' id='word_1_144' title='bbox 145 3260 182 3299; x_wconf 82' lang='lat'>20</span> <span class='ocrx_word' id='word_1_145' title='bbox 193 3255 222 3311; x_wconf 80' lang='grc' dir='ltr'>ιἰι</span> <span class='ocrx_word' id='word_1_146' title='bbox 234 3253 431 3328; x_wconf 75' lang='lat' dir='ltr'>generationes</span> <span class='ocrx_word' id='word_1_147' title='bbox 445 3272 548 3311; x_wconf 82' lang='lat' dir='ltr'><em>eorum.</em></span> <span class='ocrx_word' id='word_1_148' title='bbox 739 3252 910 3311; x_wconf 76' lang='lat' dir='ltr'>transversis</span> <span class='ocrx_word' id='word_1_149' title='bbox 923 3251 1096 3329; x_wconf 81' lang='lat' dir='ltr'><strong>quibusdam</strong></span> <span class='ocrx_word' id='word_1_150' title='bbox 1116 3254 1236 3314; x_wconf 83' lang='lat' dir='ltr'><strong>inclina·</strong></span> 
     </span>
     <span class='ocr_line' id='line_1_23' title="bbox 226 3331 1237 3403; baseline 0.008 -18"><span class='ocrx_word' id='word_1_151' title='bbox 226 3331 362 3403; x_wconf 83' lang='lat' dir='ltr'><strong>Additque</strong></span> <span class='ocrx_word' id='word_1_152' title='bbox 373 3332 454 3402; x_wconf 79' lang='lat' dir='ltr'><strong>paulo</strong></span> <span class='ocrx_word' id='word_1_153' title='bbox 464 3340 541 3402; x_wconf 79' lang='lat' dir='ltr'><em>poet3</em></span> <span class='ocrx_word' id='word_1_154' title='bbox 739 3332 868 3390; x_wconf 76' lang='lat' dir='ltr'>tionibus</span> <span class='ocrx_word' id='word_1_155' title='bbox 892 3352 925 3390; x_wconf 85' lang='lat' dir='ltr'><em>ae</em></span> <span class='ocrx_word' id='word_1_156' title='bbox 949 3332 1078 3399; x_wconf 77' lang='lat' dir='ltr'><strong>nutibus,</strong></span> <span class='ocrx_word' id='word_1_157' title='bbox 1109 3335 1237 3393; x_wconf 80' lang='lat' dir='ltr'><strong>obscurae</strong></span> 
     </span>
    </p>

    <p class='ocr_par' dir='ltr' id='par_1_13' title="bbox 413 3415 1238 3549">
     <span class='ocr_line' id='line_1_24' title="bbox 413 3415 1238 3549; baseline 0.008 -83"><span class='ocrx_word' id='word_1_158' title='bbox 413 3470 460 3529; x_wconf 70' lang='lat' dir='ltr'>VI</span> <span class='ocrx_word' id='word_1_159' title='bbox 739 3430 1051 3549; x_wconf 44' lang='lat' dir='ltr'>Eonnungluameogum</span> <span class='ocrx_word' id='word_1_160' title='bbox 1061 3415 1238 3474; x_wconf 76' lang='lat' dir='ltr'><strong>mutationes</strong></span> 
     </span>
    </p>

    <p class='ocr_par' dir='ltr' id='par_1_14' title="bbox 465 3502 1237 3553">
     <span class='ocr_line' id='line_1_25' title="bbox 465 3502 1237 3553; baseline 0.008 -6"><span class='ocrx_word' id='word_1_161' title='bbox 465 3515 471 3528; x_wconf 90' lang='lat'><strong>·</strong></span> <span class='ocrx_word' id='word_1_162' title='bbox 761 3502 824 3549; x_wconf 84' lang='lat' dir='ltr'><strong>unt.</strong></span> <span class='ocrx_word' id='word_1_163' title='bbox 890 3502 945 3549; x_wconf 83' lang='lat' dir='ltr'><strong>sto.</strong></span> <span class='ocrx_word' id='word_1_164' title='bbox 1007 3511 1050 3548; x_wconf 89' lang='lat' dir='ltr'><em>em</em></span> <span class='ocrx_word' id='word_1_165' title='bbox 1074 3512 1105 3549; x_wconf 88' lang='lat' dir='ltr'><em>er</em></span> <span class='ocrx_word' id='word_1_166' title='bbox 1139 3504 1237 3553; x_wconf 85' lang='lat' dir='ltr'><em>tamen</em></span> 
     </span>
    </p>

    <p class='ocr_par' dir='ltr' id='par_1_15' title="bbox 144 3512 1237 4446">
     <span class='ocr_line' id='line_1_26' title="bbox 232 3512 1237 3652; baseline 0.01 -28"><span class='ocrx_word' id='word_1_167' title='bbox 232 3566 297 3625; x_wconf 84' lang='lat' dir='ltr'>Aut</span> <span class='ocrx_word' id='word_1_168' title='bbox 318 3587 382 3644; x_wconf 86' lang='lat' dir='ltr'>quae</span> <span class='ocrx_word' id='word_1_169' title='bbox 396 3587 523 3643; x_wconf 79' lang='lat' dir='ltr'><strong>unquam</strong></span> <span class='ocrx_word' id='word_1_170' title='bbox 543 3568 625 3635; x_wconf 77' lang='lat' dir='ltr'><em>acies,</em></span> <span class='ocrx_word' id='word_1_171' title='bbox 644 3567 690 3624; x_wconf 86' lang='lat' dir='ltr'>in·</span> <span class='ocrx_word' id='word_1_172' title='bbox 740 3582 770 3629; x_wconf 87' lang='lat' dir='ltr'><em>et</em></span> <span class='ocrx_word' id='word_1_173' title='bbox 781 3572 894 3648; x_wconf 77' lang='lat' dir='ltr'>justum</span> <span class='ocrx_word' id='word_1_174' title='bbox 906 3512 1195 3652; x_wconf 66' lang='lat' dir='ltr'><strong>observantptempus,</strong></span> <span class='ocrx_word' id='word_1_175' title='bbox 1207 3586 1237 3634; x_wconf 87' lang='lat' dir='ltr'><em>et</em></span> 
     </span>
     <span class='ocr_line' id='line_1_27' title="bbox 191 3647 1237 3727; baseline 0.002 -22"><span class='ocrx_word' id='word_1_176' title='bbox 191 3649 266 3725; x_wconf 88' lang='lat' dir='ltr'><strong>quit,</strong></span> <span class='ocrx_word' id='word_1_177' title='bbox 295 3660 354 3705; x_wconf 77' lang='lat' dir='ltr'>tem</span> <span class='ocrx_word' id='word_1_178' title='bbox 382 3648 543 3725; x_wconf 79' lang='lat' dir='ltr'><strong>composito</strong></span> <span class='ocrx_word' id='word_1_179' title='bbox 575 3647 690 3724; x_wconf 79' lang='lat' dir='ltr'><strong>agmine</strong></span> <span class='ocrx_word' id='word_1_180' title='bbox 740 3651 803 3709; x_wconf 81' lang='lat' dir='ltr'><em>loce</em></span> <span class='ocrx_word' id='word_1_181' title='bbox 820 3650 881 3716; x_wconf 81' lang='lat' dir='ltr'>ille,</span> <span class='ocrx_word' id='word_1_182' title='bbox 902 3649 980 3707; x_wconf 87' lang='lat' dir='ltr'><em>unde</em></span> <span class='ocrx_word' id='word_1_183' title='bbox 999 3649 1113 3727; x_wconf 80' lang='lat' dir='ltr'><strong>singula</strong></span> <span class='ocrx_word' id='word_1_184' title='bbox 1137 3653 1237 3712; x_wconf 83' lang='lat' dir='ltr'>oriun.</span> 
     </span>
     <span class='ocr_line' id='line_1_28' title="bbox 192 3727 1236 3808; baseline 0.006 -22"><span class='ocrx_word' id='word_1_185' title='bbox 192 3748 324 3807; x_wconf 84' lang='lat' dir='ltr'><em>eampum</em></span> <span class='ocrx_word' id='word_1_186' title='bbox 359 3727 528 3791; x_wconf 79' lang='lat' dir='ltr'><strong>transmisit,</strong></span> <span class='ocrx_word' id='word_1_187' title='bbox 563 3747 688 3805; x_wconf 78' lang='lat' dir='ltr'>proecur-</span> <span class='ocrx_word' id='word_1_188' title='bbox 740 3741 798 3795; x_wconf 84' lang='lat' dir='ltr'>tur,</span> <span class='ocrx_word' id='word_1_189' title='bbox 828 3728 1017 3808; x_wconf 75' lang='lat' dir='ltr'><strong>prospiciunt,</strong></span> <span class='ocrx_word' id='word_1_190' title='bbox 1046 3731 1097 3806; x_wconf 91' lang='lat' dir='ltr'>qui</span> <span class='ocrx_word' id='word_1_191' title='bbox 1124 3733 1179 3791; x_wconf 84' lang='lat' dir='ltr'>hoe</span> <span class='ocrx_word' id='word_1_192' title='bbox 1205 3735 1236 3791; x_wconf 86' lang='lat' dir='ltr'>in</span> 
     </span>
     <span class='ocr_line' id='line_1_29' title="bbox 145 3806 1235 3889; baseline 0.01 -28"><span class='ocrx_word' id='word_1_193' title='bbox 145 3822 180 3881; x_wconf 83' lang='lat'>25</span> <span class='ocrx_word' id='word_1_194' title='bbox 192 3819 275 3867; x_wconf 85' lang='lat' dir='ltr'><em>rente</em></span> <span class='ocrx_word' id='word_1_195' title='bbox 303 3810 431 3875; x_wconf 90' lang='lat' dir='ltr'><em>nemine,</em></span> <span class='ocrx_word' id='word_1_196' title='bbox 461 3806 578 3864; x_wconf 90' lang='lat' dir='ltr'><em>nemine</em></span> <span class='ocrx_word' id='word_1_197' title='bbox 606 3806 689 3864; x_wconf 84' lang='lat' dir='ltr'><em>deer-</em></span> <span class='ocrx_word' id='word_1_198' title='bbox 740 3809 829 3868; x_wconf 75' lang='lat' dir='ltr'><strong>studii</strong></span> <span class='ocrx_word' id='word_1_199' title='bbox 840 3828 946 3887; x_wconf 87' lang='lat' dir='ltr'><em>genere</em></span> <span class='ocrx_word' id='word_1_200' title='bbox 955 3822 1144 3889; x_wconf 81' lang='lat' dir='ltr'>occupantur.</span> <span class='ocrx_word' id='word_1_201' title='bbox 1181 3814 1235 3871; x_wconf 88' lang='lat' dir='ltr'>Di·</span> 
     </span>
     <span class='ocr_line' id='line_1_30' title="bbox 191 3886 1235 3967; baseline 0.008 -22"><span class='ocrx_word' id='word_1_202' title='bbox 191 3899 283 3953; x_wconf 84' lang='lat' dir='ltr'><em>rante,</em></span> <span class='ocrx_word' id='word_1_203' title='bbox 299 3889 414 3946; x_wconf 86' lang='lat' dir='ltr'><em>nemine</em></span> <span class='ocrx_word' id='word_1_204' title='bbox 430 3898 481 3945; x_wconf 82' lang='lat' dir='ltr'>eut</span> <span class='ocrx_word' id='word_1_205' title='bbox 498 3886 689 3964; x_wconf 87' lang='lat' dir='ltr'><em>impedimen·</em></span> <span class='ocrx_word' id='word_1_206' title='bbox 739 3900 806 3948; x_wconf 79' lang='lat' dir='ltr'>eant</span> <span class='ocrx_word' id='word_1_207' title='bbox 820 3910 889 3967; x_wconf 87' lang='lat' dir='ltr'><em>ergo</em></span> <span class='ocrx_word' id='word_1_208' title='bbox 903 3888 986 3946; x_wconf 77' lang='lat' dir='ltr'>nobis</span> <span class='ocrx_word' id='word_1_209' title='bbox 1000 3901 1161 3950; x_wconf 83' lang='lat' dir='ltr'><strong>atomorum</strong></span> <span class='ocrx_word' id='word_1_210' title='bbox 1175 3914 1235 3953; x_wconf 81' lang='lat' dir='ltr'><em>eec-</em></span> 
     </span>
     <span class='ocr_line' id='line_1_31' title="bbox 191 3968 1237 4047; baseline 0.006 -21"><span class='ocrx_word' id='word_1_211' title='bbox 191 3978 254 4026; x_wconf 85' lang='lat' dir='ltr'>tum</span> <span class='ocrx_word' id='word_1_212' title='bbox 269 3968 409 4027; x_wconf 78' lang='lat' dir='ltr'><em>offerente</em></span> <span class='ocrx_word' id='word_1_213' title='bbox 426 3968 546 4033; x_wconf 74' lang='lat' dir='ltr'><em>caeteris,</em></span> <span class='ocrx_word' id='word_1_214' title='bbox 560 3978 612 4025; x_wconf 80' lang='lat' dir='ltr'>aut</span> <span class='ocrx_word' id='word_1_215' title='bbox 632 3986 686 4024; x_wconf 80' lang='lat' dir='ltr'>eae·</span> <span class='ocrx_word' id='word_1_216' title='bbox 739 3981 817 4028; x_wconf 78' lang='lat' dir='ltr'><em>tores</em></span> <span class='ocrx_word' id='word_1_217' title='bbox 838 3968 955 4047; x_wconf 79' lang='lat' dir='ltr'>egregii,</span> <span class='ocrx_word' id='word_1_218' title='bbox 977 3970 1027 4045; x_wconf 90' lang='lat' dir='ltr'>qui</span> <span class='ocrx_word' id='word_1_219' title='bbox 1049 3982 1079 4030; x_wconf 88' lang='lat' dir='ltr'><em>et</em></span> <span class='ocrx_word' id='word_1_220' title='bbox 1100 3971 1237 4033; x_wconf 83' lang='lat' dir='ltr'><strong>dividunt</strong></span> 
     </span>
     <span class='ocr_line' id='line_1_32' title="bbox 192 4048 1236 4127; baseline 0.008 -24"><span class='ocrx_word' id='word_1_221' title='bbox 192 4058 269 4104; x_wconf 81' lang='lat' dir='ltr'><em>teros</em></span> <span class='ocrx_word' id='word_1_222' title='bbox 278 4048 374 4106; x_wconf 80' lang='lat' dir='ltr'><strong>minus</strong></span> <span class='ocrx_word' id='word_1_223' title='bbox 382 4058 588 4124; x_wconf 84' lang='lat' dir='ltr'><em>consequente:</em></span> <span class='ocrx_word' id='word_1_224' title='bbox 600 4066 686 4123; x_wconf 85' lang='lat' dir='ltr'><strong>quam</strong></span> <span class='ocrx_word' id='word_1_225' title='bbox 739 4049 900 4115; x_wconf 85' lang='lat' dir='ltr'>individua,</span> <span class='ocrx_word' id='word_1_226' title='bbox 920 4060 950 4107; x_wconf 85' lang='lat' dir='ltr'><em>et</em></span> <span class='ocrx_word' id='word_1_227' title='bbox 970 4049 1071 4110; x_wconf 77' lang='lat' dir='ltr'>dissita</span> <span class='ocrx_word' id='word_1_228' title='bbox 1091 4052 1236 4127; x_wconf 79' lang='lat' dir='ltr'><strong>sejuncta.</strong></span> 
     </span>
     <span class='ocr_line' id='line_1_33' title="bbox 191 4127 1235 4207; baseline 0.003 -24"><span class='ocrx_word' id='word_1_229' title='bbox 191 4127 311 4202; x_wconf 64' lang='lat' dir='ltr'>aequatis</span> <span class='ocrx_word' id='word_1_230' title='bbox 338 4147 451 4205; x_wconf 77' lang='lat' dir='ltr'>semper</span> <span class='ocrx_word' id='word_1_231' title='bbox 474 4128 634 4195; x_wconf 81' lang='lat' dir='ltr'><strong>ordinibus,</strong></span> <span class='ocrx_word' id='word_1_232' title='bbox 657 4138 688 4185; x_wconf 88' lang='lat' dir='ltr'>et</span> <span class='ocrx_word' id='word_1_233' title='bbox 740 4150 796 4207; x_wconf 88' lang='lat' dir='ltr'>que</span> <span class='ocrx_word' id='word_1_234' title='bbox 805 4130 980 4195; x_wconf 80' lang='lat' dir='ltr'>consociant,</span> <span class='ocrx_word' id='word_1_235' title='bbox 990 4141 1020 4187; x_wconf 86' lang='lat' dir='ltr'><em>et</em></span> <span class='ocrx_word' id='word_1_236' title='bbox 1030 4131 1144 4191; x_wconf 80' lang='lat' dir='ltr'><strong>infinita</strong></span> <span class='ocrx_word' id='word_1_237' title='bbox 1154 4153 1235 4191; x_wconf 87' lang='lat' dir='ltr'><em>men.</em></span> 
     </span>
     <span class='ocr_line' id='line_1_34' title="bbox 144 4206 1235 4286; baseline 0.002 -23"><span class='ocrx_word' id='word_1_238' title='bbox 144 4207 297 4285; x_wconf 77' lang='lat' dir='ltr'><em>30preseis</em></span> <span class='ocrx_word' id='word_1_239' title='bbox 324 4206 414 4265; x_wconf 84' lang='lat' dir='ltr'><strong>veluti</strong></span> <span class='ocrx_word' id='word_1_240' title='bbox 443 4207 560 4286; x_wconf 77' lang='lat' dir='ltr'>clypeis,</span> <span class='ocrx_word' id='word_1_241' title='bbox 584 4226 687 4286; x_wconf 85' lang='lat' dir='ltr'><em>perpe.</em></span> <span class='ocrx_word' id='word_1_242' title='bbox 737 4220 768 4269; x_wconf 83' lang='lat' dir='ltr'><em>te</em></span> <span class='ocrx_word' id='word_1_243' title='bbox 779 4209 935 4276; x_wconf 84' lang='lat' dir='ltr'><strong>definiunt;</strong></span> <span class='ocrx_word' id='word_1_244' title='bbox 956 4210 1034 4269; x_wconf 87' lang='lat' dir='ltr'><em>unde</em></span> <span class='ocrx_word' id='word_1_245' title='bbox 1047 4211 1164 4270; x_wconf 79' lang='lat' dir='ltr'><strong>tandem</strong></span> <span class='ocrx_word' id='word_1_246' title='bbox 1180 4212 1235 4270; x_wconf 84' lang='lat' dir='ltr'><strong>cir.</strong></span> 
     </span>
     <span class='ocr_line' id='line_1_35' title="bbox 191 4286 1233 4364; baseline 0.005 -22"><span class='ocrx_word' id='word_1_247' title='bbox 191 4286 688 4364; x_wconf 80' lang='lat' dir='ltr'>tuueille,necusquamautinter-</span> <span class='ocrx_word' id='word_1_248' title='bbox 737 4289 843 4348; x_wconf 76' lang='lat' dir='ltr'><strong>culatis</strong></span> <span class='ocrx_word' id='word_1_249' title='bbox 871 4288 921 4348; x_wconf 89' lang='lat' dir='ltr'>ille</span> <span class='ocrx_word' id='word_1_250' title='bbox 948 4310 1045 4348; x_wconf 86' lang='lat' dir='ltr'><em>rerum</em></span> <span class='ocrx_word' id='word_1_251' title='bbox 1074 4290 1233 4349; x_wconf 83' lang='lat' dir='ltr'><strong>coelestium</strong></span> 
     </span>
     <span class='ocr_line' id='line_1_36' title="bbox 192 4367 1235 4446; baseline 0.005 -24"><span class='ocrx_word' id='word_1_252' title='bbox 192 4376 305 4444; x_wconf 88' lang='lat' dir='ltr'><strong>ruptus,</strong></span> <span class='ocrx_word' id='word_1_253' title='bbox 334 4379 385 4425; x_wconf 78' lang='lat' dir='ltr'>aut</span> <span class='ocrx_word' id='word_1_254' title='bbox 413 4367 608 4446; x_wconf 77' lang='lat' dir='ltr'><strong>perturbatus,</strong></span> <span class='ocrx_word' id='word_1_255' title='bbox 637 4380 688 4427; x_wconf 81' lang='lat' dir='ltr'>aut</span> <span class='ocrx_word' id='word_1_256' title='bbox 738 4370 968 4446; x_wconf 81' lang='lat' dir='ltr'><em>eonjunetusque</em></span> <span class='ocrx_word' id='word_1_257' title='bbox 1010 4390 1110 4429; x_wconf 76' lang='lat' dir='ltr'>cursus</span> <span class='ocrx_word' id='word_1_258' title='bbox 1147 4380 1235 4446; x_wconf 77' lang='lat' dir='ltr'><em>etque</em></span> 
     </span>
    </p>
   </div>
   <div class='ocr_carea' id='block_1_12' title="bbox 0 0 1626 5150">
    <p class='ocr_par' dir='ltr' id='par_1_16' title="bbox 0 0 1626 5150">
     <span class='ocr_line' id='line_1_37' title="bbox 0 0 1626 5150; baseline 0 0"><span class='ocrx_word' id='word_1_259' title='bbox 0 0 1626 5150; x_wconf 95' lang='lat' dir='ltr'> </span> 
     </span>
    </p>
   </div>
  </div>
 </body>
</html>
