3242 5150
364 433 429 498 160
556 436 558 442 '
701 425 1079 492 ANNOTATIONES

366 603 484 669 XXV.
531 601 615 666 Illud
640 606 750 667 autam
773 603 872 667 αὖτοῖς
890 601 1004 665 τούτοις
1023 595 1177 660 derebus
1197 592 1334 658 venditis
1355 592 1417 658 dici

364 705 499 769 videtur.
544 702 698 768 Oonlcras
712 726 784 769 cum
800 700 904 767 verbis
917 699 1048 766 canonia
1061 700 1133 761 Act.
1145 699 1251 782 Δροσί.
1267 694 1306 759 iv.
1322 715 1376 780 34.

409 803 445 864 P.
464 819 533 868 122.
547 801 635 883 1:14
652 801 753 891 τιμήν]
770 803 906 866 Zonarae
920 795 1178 863 Ommmn'm:
1193 793 1270 858 Ἐδν
1279 795 1319 874 μὴ
1330 795 1419 861 ὄντος

366 904 528 968 ἐπισκόπου
556 902 774 982 ἐκποιήσωνταί
797 927 865 966 τινα
890 905 949 964 τῶν
977 899 1181 980 διαφερόντων
1210 895 1355 975 ἀκινήτων
1382 899 1419 975 τῇ

365 1007 509 1089 ἐκκλησίᾳ
531 1007 634 1068 atroci
656 1004 776 1086 κλήρου,
799 1005 848 1068 διό
864 1027 931 1067 τινα
950 1004 1022 1069 ἴσως
1045 1001 1281 1081 κατεπείγουσαν
1301 999 1417 1082 χρείαν

365 1109 414 1170 διδ
428 1108 486 1188 γὰρ
501 1111 559 1169 τῶν
574 1105 786 1187 πρεσβυτέρων
801 1104 855 1169 τδν
870 1107 980 1184 κλῆρον
993 1103 1140 1182 ήνίξατοδ
1153 1102 1261 1174 κανὼν,
1272 1100 1417 1180 μνησθεὶς

367 1208 463 1272 αὐτῶν
478 1207 513 1271 τδ
527 1207 675 1290 ὑπερέχον
689 1213 741 1272 τοῦ
755 1212 884 1287 βαθμοῦ·
911 1208 1129 1270 όνακαλεῖσθαι
1147 1209 1240 1268 ταῦτα
1261 1205 1383 1268 δύναται
1400 1203 1420 1282 ἢ

368 1311 521 1390 ἐκκλησία,
543 1310 608 1390 ήτοι
631 1313 648 1373 ό
669 1299 840 1376 ἐπίσκοπος.
864 1311 898 1374 οὗ
918 1313 954 1389 πή
975 1310 1070 1390 κρίσει
1084 1310 1260 1386 ἀνατίθησιν
1282 1308 1299 1370 δ
1322 1307 1421 1370 κανὸν

368 1411 535 1490 δοκιμάσαι,
558 1415 584 1477 εί
600 1413 658 1496 χρὴ
681 1416 918 1495 όντιστραφῆναι
939 1412 973 1475 τὸ
995 1414 1117 1491 τίμημα,
1137 1407 1156 1490 ἢ
1177 1409 1227 1490 μή.
1270 1412 1344 1476 ἴσως
1360 1411 1420 1491 γᾶρ

369 1515 554 1595 εὐπρόσοδον
569 1513 605 1578 όν
619 1515 653 1579 τδ
670 1516 809 1595 ἀκίνητον
823 1513 1053 1595 περιεποιήσατο
1068 1516 1109 1599 τῷ
1124 1514 1276 1594 ἆγοροστῇ
1289 1511 1419 1576 πλείονα

368 1616 423 1694 τήν
445 1615 541 1697 τιμήν.
586 1620 603 1682 ὁ
628 1620 661 1681 δέ
685 1621 737 1696 τῆς
759 1620 793 1681 ἐν
824 1615 1002 1697 Καρθαγένη
1026 1617 1153 1678 συνόδου
1179 1613 1313 1681 είκοστδς
1336 1615 1420 1680 ἐκτος

370 1721 467 1783 κανων
487 1721 641 1800 όπρόσοδα
662 1722 784 1800 ἀκίνητα
807 1721 927 1783 δίδωσιν
947 1720 1141 1790 ἐκποιεῖσόαι,
1159 1714 1289 1798 όνόγκης
1309 1719 1418 1782 ἐπικει-

367 1821 469 1899 μένης,
486 1823 569 1885 ἀλλὰ
585 1823 633 1886 καὶ
647 1825 684 1886 ric
698 1827 820 1886 τοιαῦτα
833 1824 909 1902 μετὰ
924 1821 1101 1898 διαοτίξεως.
1147 1817 1298 1882 Similiter
1318 1817 1418 1883 intar-

370 1923 488 2007 prstati
504 1925 665 1988 (lunonem
688 1931 763 1989 sunt
778 1923 929 1988 Balsamo
944 1921 1179 2005 Blastarcsquc.
1224 1919 1335 2004 Ncquc
1355 1919 1421 1985 alia

371 2024 484 2089 suadet
501 2025 556 2110 jus
577 2033 611 2090 ct
632 2047 769 2111 aequum,
784 2048 857 2091 cum
879 2047 942 2089 uon
964 2025 1074 2089 liccrct
1095 2023 1170 2087 sada
1192 2031 1336 2102 vacante,
1357 2022 1419 2088 uisi

371 2125 528 2191 existente
543 2127 747 2205 necessitate,
762 2151 813 2192 ras
827 2127 963 2192 distrahi
978 2125 1220 2192 ecclesiasticas.

756 2302 911 2367 GANON
932 2301 1034 2365 XVI.

415 2435 497 2500 Ibid.
522 2437 543 2502 l.
574 2441 622 2502 16.
649 2444 708 2503 τῶν
737 2435 1005 2522 όλογενσαμένων]
1039 2435 1247 2521 Interpretati
1277 2439 1353 2500 sunt
1384 2434 1419 2500 S.

372 2539 536 2605 Martinus
559 2541 765 2607 Bracarcusis
787 2541 820 2606 iu
845 2541 1016 2606 cccccccccc
1042 2540 1199 2604 eunocum
1223 2538 1422 2618 Quarundam

371 2644 458 2728 apud
473 2644 565 2709 Jcmfc
582 2645 694 2709 θουου.
714 2645 777 2709 Vct.
791 2641 935 2708 Βίδίίοιλ.
946 2665 977 2727 ρ.
989 2641 1075 2705 xxxi.
1091 2642 1244 2719 Zonaras,
1261 2639 1421 2719 Balsama,

373 2745 609 2831 Blastarcsqua,
626 2748 666 2811 dc
682 2747 849 2831 ζωοφθορίη
862 2752 1011 2820 tantum3
1033 2744 1089 2808 scd
1104 2742 1197 2808 simul
1211 2764 1283 2807 cum
1297 2740 1352 2805 illa
1368 2742 1421 2821 τὴν

372 2850 447 2928 μετὰ
462 2850 594 2930 δῤῥένων
610 2850 824 2933 ἀσχημοσύνην
839 2846 1010 2912 Aristonus
1024 2857 1058 2912 et
1071 2846 1136 2926 alii,
1152 2846 1235 2911 sicut
1249 2853 1283 2910 at
1297 2844 1421 2929 aliquot

372 2950 498 3013 Latium
518 2950 676 3029 Venimus,
692 2951 936 3037 conjunxerunt.

418 3051 502 3116 Ibid.
516 3050 535 3131 ἢ
551 3054 599 3117 καὶ
613 3052 857 3141 ἀλογευομένων]
882 3050 938 3116 Vol
949 3051 1040 3115 atam
1054 3050 1089 3116 ιἰι
1101 3050 1207 3116 auclore
1219 3070 1272 3114 τιιο
1279 3056 1422 3133 110er-

373 3153 461 3219 tiam.
478 3152 594 3218 Confer
606 3151 684 3217 Ησό.
699 3154 741 3216 vi.
757 3170 803 3216 10.
821 3150 1051 3230 διακονήσαντες
1065 3156 1128 3217 τοῖς
1141 3150 1238 3232 δγίαις
1255 3149 1304 3212 καὶ
1324 3152 1422 3211 διακο-

374 3260 503 3334 νοῦντες,
518 3254 645 3341 Vulgat.
660 3255 714 3340 ηυί
729 3253 924 3318 υιίυίτίτακτιζι
936 3253 1057 3329 saccis,
1073 3262 1100 3317 ct
1113 3252 1306 3316 ministrata.
1333 3250 1378 3314 Et
1388 3251 1422 3314 S.

372 3360 396 3423 J
398 3359 493 3424 nstin.
513 3359 561 3422 M.
576 3360 609 3421 in
624 3358 756 3443 Diahyo
771 3378 842 3421 cum
862 3356 1128 3441 mmm-sal
1146 3356 1279 3436 μα’λιστα
1298 3354 1365 3421 τοὺς
1388 3355 1424 3417 ἐν

373 3468 438 3528 ταῖς
461 3466 651 3542 συναγωγαῖς
675 3461 1004 3538 καταναθεματίσαντας
1029 3458 1078 3522 καί
1102 3458 1424 3536 καταναθεματίζοντας

375 3562 419 3628 ἐπ’
435 3563 526 3627 αὐτὸν
540 3564 680 3644 Χριστόν.
699 3563 731 3644 δ.
745 3581 797 3643 47.
810 3562 860 3626 ad.
874 3561 1073 3627 Benedictis.
1107 3562 1187 3626 (lum
1202 3580 1277 3624 vcro
1291 3558 1424 3623 omittat

374 3664 563 3749 particulam
584 3666 632 3728 καὶ
650 3664 739 3731 codsa
753 3663 844 3729 Βοόί.
858 3665 954 3750 3385.
973 3664 1056 3728 sorta
1073 3662 1143 3749 quis
1160 3662 1346 3747 suspicetur,
1362 3660 1424 3723 hoc

374 3764 1039 3849 membrum,l1llcyevoutuuuvarietatam
1054 3772 1181 3830 tantum
1195 3763 1340 3829 lectionis
1353 3782 1424 3825 casa

374 3889 415 3933 cx
438 3868 580 3953 margine
605 3869 778 3933 devectam.
825 3868 919 3935 certe
944 3867 977 3932 id
1000 3867 1145 3931 nesciunt
1167 3867 1283 3930 Ρτίσοα
1304 3863 1425 3928 Latina

382 3968 486 4033 Varcia
500 3991 539 4033 cx
555 3970 747 4035 bibliotheca
761 3969 799 4036 cl.
814 3970 838 4033 J
841 3970 943 4035 uatclli
958 3970 1046 4035 adita
1060 3978 1094 4035 ct
1109 3972 1145 4033 S.
1161 3968 1325 4034 Martinus
1340 3965 1422 4029 Bra·

375 4070 523 4148 carensis,
539 4070 593 4135 ubi
609 4094 714 4157 supra.
759 4074 987 4137 Verumtamen
1007 4093 1110 4156 usquc
1131 4070 1250 4135 dahac
1271 4065 1424 4146 clausula,

374 4194 476 4258 neque
491 4174 531 4237 da
546 4172 600 4237 illa
613 4174 679 4254 ἤτοι
690 4176 905 4256 λεπρόσαντας
918 4175 1090 4240 inOancnc
1104 4173 1247 4259 proxime
1261 4178 1424 4256 sequente,

375 4276 423 4340 ita
438 4298 496 4361 ego
512 4276 603 4341 vclim
618 4284 769 4342 statuam.

419 4377 459 4443 P.
481 4398 551 4465 123.
568 4378 589 4442 1.
607 4398 636 4463 5.
654 4378 836 4465 κατακόρως]
854 4379 950 4444 MSS.
961 4378 1237 4444 Amcrbachiauus
1248 4385 1282 4442 ct
1293 4374 1427 4440 AEtcui-
