3242 5150
393 410 664 475 CONCILIUM
690 411 1082 479 ELIBERITANUM.
1202 414 1266 480 265

218 577 463 664 subreptionem,
493 582 536 644 ad
561 581 706 646 altiorem
731 584 867 666 gradum
893 593 1185 670 mpromovoantur:
1216 586 1265 651 vel

217 691 312 776 siqui
327 693 449 756 suntin
465 695 663 778 praeteritum
679 695 827 772 ordinati,
842 706 1060 762 amoveantur.

667 827 812 891 XXXI.

260 935 526 1012 ”Adolescentea
549 936 602 1020 qui
624 945 698 1021 post
719 938 814 1002 iidem
837 939 954 1004 lavacri
976 941 1126 1006 salutaris
1147 941 1266 1008 fuerint

216 1044 376 1118 moeohati,
394 1067 465 1109 cum
489 1045 639 1110 duxerint
659 1069 784 1124 uxores,
806 1057 881 1113 acta
900 1049 1042 1134 legitima
1065 1052 1264 1136 poenitentia‚

216 1153 335 1238 placuit
349 1156 390 1218 ad
405 1156 657 1220 communionem
673 1157 811 1223 admitti.

659 1293 826 1357 XXXII.

258 1397 356 1482 Apud
371 1400 601 1484 presbyterum,
617 1401 728 1487 siquis
743 1402 833 1488 gravi
849 1403 939 1486 lapsu
960 1403 993 1466 in
1010 1404 1134 1469 ruinam
1150 1404 1263 1470 mortis

215 1506 369 1583 iuciderit,
385 1507 506 1593 placuit
520 1531 615 1596 agere
630 1511 852 1595 poenitentiam
867 1534 930 1576 non
945 1514 1071 1591 debere,
1086 1517 1141 1580 sed
1157 1516 1263 1600 potius

214 1618 301 1703 apud
325 1618 524 1703 episcopum:
552 1629 685 1706 cogente
712 1630 821 1687 tamen
844 1623 1040 1702 infirmitate,
1064 1648 1191 1690 necesse
1214 1635 1264 1691 est

215 1726 432 1814 presbyterum
459 1731 709 1794 communionem
732 1740 887 1814 preestare
913 1733 1048 1814 debere3
1080 1742 1113 1799 et
1138 1736 1264 1800 ‘’diaco-

216 1862 299 1917 num,
316 1840 342 1903 si
358 1841 387 1906 ei
398 1841 530 1924 jusserit
546 1844 703 1907 sacerdos.

235 2039 299 2101 Hic
319 2059 415 2100 canoa
435 2039 479 2100 rie
501 2038 609 2123 buitur
630 2040 664 2103 ia
686 2039 785 2105 altera
807 2041 948 2120 edumas,
964 2064 1056 2127 quum
1069 2052 1182 2106 secutus
1202 2051 1244 2106 cet

586 2151 682 2215 θανά.
697 2151 734 2215 dc
749 2153 894 2236 Aprum.

257 2257 291 2322 Si
313 2258 383 2343 quie
404 2257 494 2345 gravi
516 2257 606 2342 lapsu
628 2258 661 2321 in
679 2259 803 2324 ruinam
827 2261 939 2326 mortis
959 2261 1116 2338 inciderit,
1131 2259 1262 2344 placuit,

213 2391 308 2454 agere
330 2368 550 2454 poenitentiam
572 2390 636 2432 non
652 2369 767 2433 debere
789 2371 857 2435 siue
874 2371 1013 2455 episcopi
1031 2369 1188 2446 consultu,
1204 2369 1262 2433 sed

212 2478 319 2564 potius
339 2480 425 2563 apud
446 2477 628 2562 episcopum
653 2485 747 2564 agat:
777 2489 911 2564 cogente
934 2487 1042 2544 tamen
1064 2479 1261 2553 infirmitate,

213 2610 276 2653 aon
305 2598 354 2654 est
384 2589 640 2674 presbyteromm
675 2595 733 2652 aut
762 2588 976 2665 diaconomm,
1007 2588 1271 2653 communionem.

210 2698 327 2763 talibus
340 2706 494 2783 praestare
510 2698 635 2773 debere,
650 2697 710 2761 nisi
725 2698 772 2761 eis
781 2696 914 2781 jusserit
929 2696 1106 2781 episcopus.

645 2834 832 2897 XXXIII.

254 2944 404 3009 ¹'Placuit
423 2944 456 3006 in
476 2944 610 3007 totum*
632 2942 790 3027 prohiberi
812 2944 976 3029 episcopis,
1001 2944 1203 3030 presbyteris,
1227 2952 1261 3008 et

213 3054 405 3132 diaconibus,
429 3052 477 3117 vel
499 3051 644 3116 omnibus
665 3052 787 3117 clericis
810 3053 921 3137 positis
943 3054 976 3117 in
998 3054 1185 3133 ministerio,
1208 3054 1265 3118 ab·

212 3164 329 3228 stinere
351 3186 385 3227 se
406 3186 428 3228 a
448 3162 635 3249 conjugibus
657 3161 732 3239 suis,
749 3170 783 3226 et
805 3184 870 3225 non
891 3185 1044 3248 generare
1064 3150 1162 3229 filios:
1190 3164 1263 3249 'qui-

211 3296 345 3359 cumque
360 3296 433 3339 vero
448 3273 567 3351 fecerit,
583 3275 625 3339 ab
640 3275 759 3339 honore
775 3274 942 3339 clericatus
957 3276 1197 3340 exterminetur.

650 3406 825 3472 XXXIV.

254 3516 369 3581 Gereos
384 3516 441 3600 per
455 3516 538 3580 diem
553 3516 674 3600 placuit
695 3515 728 3578 in
744 3516 926 3580 coemeterio
946 3538 1009 3580 non
1024 3517 1166 3581 incendi:
1191 3518 1264 3581 uin·

211 3625 374 3710 quietandi
400 3623 484 3689 enim
511 3624 641 3709 spiritus
667 3634 850 3690 sanctorum
876 3646 939 3688 non
965 3632 1049 3690 sunt.
1104 3627 1166 3707 Qui
1194 3628 1264 3692 haeo

210 3756 272 3798 non
287 3736 536 3813 observaverint,
551 3741 722 3799 arceantur
735 3736 777 3798 ab
793 3734 932 3799 occlesiae
948 3736 1176 3801 communione.

241 3940 264 3969 m
275 3930 383 3991 Aquam
393 3932 474 3992 edidit,
485 3946 534 3979 non
546 3930 578 3979 sit
588 3931 770 3993 promovendus.
798 3930 823 3977 Si
835 3941 918 3978 autem
929 3930 1004 3994 aliqui
1016 3940 1082 3979 sunt.
1149 3944 1165 3972 1¹
1178 3934 1261 3981 Rata-

209 4026 257 4059 auc
267 4013 316 4059 toec
327 4014 420 4060 totidem
437 4013 523 4072 vertit,
535 4013 591 4060 locta
606 4013 692 4071 aratu,
704 4027 734 4060 cr
748 4013 821 4060 conc.
834 4013 898 4060 Elib.
911 4021 1014 4075 etp31.
1145 4024 1160 4052 0
1173 4015 1265 4073 Confer

211 4092 362 4154 Cypriimum
372 4092 440 4156 epist.
454 4106 489 4140 η.
579 4104 593 4140 ι)
607 4094 693 4140 Canon
703 4094 743 4141 lu'c
753 4100 788 4141 ert
799 4096 870 4142 ctiam
883 4109 961 4141 nonus
975 4095 1076 4142 Carvilii
1089 4096 1192 4142 Vormat.
1203 4097 1264 4141 anai

208 4170 265 4221 868.
381 4184 395 4221 (1
408 4174 447 4221 De
458 4174 503 4221 tac
514 4175 630 4221 motione
641 4174 694 4221 vide
709 4176 809 4222 Tertuil.
823 4175 862 4221 lib.
873 4176 902 4223 cla
914 4176 991 4237 Spore.
1005 4191 1055 4239 cap.
1068 4188 1104 4237 ¹⁵·
1117 4177 1157 4221 uc.
1170 4178 1199 4223 dc
1210 4177 1263 4221 Pa·

208 4254 299 4315 aaut
312 4270 365 4317 ⁰³1>-
377 4267 399 4317 7·

550 4372 564 4399 ‘⁵
577 4368 586 4427 l
588 4370 714 4433 prolibare
724 4372 796 4419 minc
808 4369 920 4432 Matris.)

253 4471 320 4511 vor..
337 4472 379 4512 ιν.
700 4474 725 4512 Μ
743 4472 774 4513 m
