3242 5150
375 388 418 452 68
708 391 1087 457 ANNOTA'J‘IONES

420 561 457 624 P.
470 580 521 646 39.
543 561 563 625 l.
585 581 631 625 12.
657 569 732 644 μετὰ
746 572 805 629 τῶν
831 567 935 628 ἄλλον
961 562 1163 650 καθηκόντων]
1190 562 1339 629 Bulsumo
1353 564 1420 636 uit3

372 663 492 744 Ἤγονν
508 667 583 743 μετὰ
602 673 661 729 τῶν
682 669 874 749 ὀφειλονσῶν
895 669 1033 747 γίνεσθαι
1053 667 1191 730 εὐποιῖὣν
1204 668 1272 748 περὶ
1292 667 1422 742 τούτους,

376 766 514 842 νηστείας
527 768 674 844 δηλονότι,
692 770 895 847 ελεημοσίνης
915 768 964 830 καὶ
983 768 1150 846 μετανοίας.
1195 766 1340 829 Zonerus
1353 765 1422 828 haeo

374 865 484 928 eedem
500 866 547 931 eit
561 867 707 933 faciende
725 892 794 934 esse
817 871 859 933 cb
879 869 956 954 ipsis
970 869 1077 953 lapsis,
1093 889 1156 931 non
1178 867 1220 931 cb
1239 868 1311 932 eliis
1323 889 1422 932 ceusu

373 967 520 1033 videlicet
533 969 704 1054 lapsorum.
737 973 800 1036 Sed
816 973 951 1036 fortusse
965 980 1074 1036 cetere
1088 971 1241 1035 beneficio
1251 971 1421 1055 conjuncte

373 1089 445 1132 curn
459 1071 598 1154 ipsorum
614 1073 876 1151 reconciliatione,
890 1096 960 1157 quae
975 1094 1032 1158 per
1046 1071 1208 1138 (lhristum
1229 1071 1341 1137 effecte
1359 1077 1420 1147 est,

372 1172 424 1237 hio
437 1173 662 1258 significantur.

766 1344 918 1409 uANON
941 1344 1024 1408 XII.

417 1478 455 1541 P.
469 1501 521 1555 40.
541 1478 563 1539 l.
585 1499 612 1542 1.
636 1480 696 1542 ἀπὸ
720 1480 818 1559 πάσης
841 1480 953 1565 κακίας]
979 1480 1032 1544 Sic
1059 1503 1115 1566 pro
1140 1481 1227 1545 edito
1250 1482 1308 1546 ὑπὸ
1333 1508 1365 1548 π.
1391 1510 1419 1545 κ.

371 1581 486 1648 Merca
500 1581 605 1643 Nonii
617 1603 639 1643 o
653 1581 822 1647 Gallendio
840 1591 1116 1658 commemoratus,
1130 1583 1295 1647 Bodleiani
1311 1605 1419 1660 omncs,

372 1682 577 1768 Zoneresque
597 1691 631 1748 ct
656 1682 807 1748 Belscmo
827 1683 859 1746 in
880 1684 1020 1748 &loliis
1067 1685 1126 1748 Ait
1142 1685 1303 1758 Zonures;
1327 1685 1372 1749 Τὸ
1387 1688 1420 1748 n

371 1783 591 1866 ἆνενοχλήτονς
613 1784 756 1866 γίνεσθαι
779 1785 838 1848 ἀπὸ
860 1785 958 1863 πάσης
977 1783 1121 1863 cantoni)
1140 1786 1174 1849 τὸ
1193 1788 1234 1866 μὴ
1254 1789 1419 1870 ὀχληθῆναι

371 1886 414 1948 είς
435 1885 560 1964 ἄρνησιν
583 1889 633 1963 τῆς
653 1886 810 1964 εὐσεβείας
833 1883 926 1948 ε’στίν·
950 1887 1025 1966 ἥπερ
1046 1891 1148 1949 πᾶσαν
1170 1889 1275 1951 κακίαν
1297 1891 1375 1969 νικᾷ.
1400 1885 1418 1965 ἢ

370 1986 472 2051 κακίας
486 1988 539 2051 τὰς
554 1988 697 2052 xantens
711 1986 851 2063 ὠνόμασε
865 1988 918 2052 τὰς
932 1984 966 2049 ἐκ
984 1992 1044 2050 τῶν
1062 1985 1226 2051 κολάσεων.
1265 1986 1358 2051 Nunc
1373 1987 1418 2050 in·

371 2084 462 2147 venio
477 2086 536 2149 ἀπὸ
550 2084 582 2148 in
598 2085 730 2150 Pedalie
744 2093 869 2149 extens.

414 2185 497 2249 Ibid.
512 2186 533 2249 l.
548 2207 578 2270 9.
598 2186 667 2268 παρ’
686 2185 809 2253 ἐκείνοις
828 2191 868 2272 τῷ
889 2186 971 2273 Θεῷ]
996 2190 1070 2252 MS.
1096 2187 1190 2251 Nanii
1212 2187 1280 2269 παρ’
1297 2187 1418 2254 ἐκείνων

369 2291 409 2372 τῷ
434 2292 516 2372 Θεῷ.
563 2289 643 2352 Mox
664 2293 702 2352 τὰ
723 2292 780 2370 γὰρ
804 2291 939 2372 ἆργίρια.
984 2290 1109 2355 Desunt
1134 2299 1242 2355 nutem
1269 2290 1343 2355 ibid.
1367 2313 1417 2354 se-

370 2389 501 2472 quentia
516 2391 563 2453 καὶ
575 2387 845 2468 κατοπατήσοντες.
880 2390 924 2455 Et
941 2391 1047 2476 paullo
1057 2399 1131 2476 post
1142 2395 1219 2471 μετὰ
1229 2396 1414 2471 πλησμονῆς,

368 2490 484 2555 omisso
500 2493 557 2554 καί.
580 2491 794 2555 Gnnnsnerus.
839 2493 931 2574 Quod
953 2494 995 2557 cd
1017 2494 1093 2557 illud
1115 2497 1156 2581 τῷ
1177 2502 1254 2558 ente
1277 2498 1348 2578 Θεῷ
1369 2502 1418 2558 et

370 2594 461 2668 tinet,
476 2594 580 2679 ipsum
599 2617 638 2659 ex
659 2595 805 2661 omnibus
823 2594 974 2660 codicibus
994 2597 1068 2661 nuic
1087 2597 1223 2662 restitui.
1269 2596 1335 2660 Pro
1348 2596 1417 2678 παρ’

369 2694 492 2763 ἐκείνοις
525 2696 646 2762 hubent
683 2697 736 2762 elii
771 2692 839 2781 παρ’
868 2698 1008 2765 ἐκείνους.
1063 2698 1135 2783 Ego
1168 2700 1320 2783 putabam
1349 2698 1417 2780 παρ’

369 2796 476 2871 ε’κεΐνο,
494 2800 576 2884 quod
593 2800 747 2884 reperisse
761 2799 888 2864 videtur
903 2799 1072 2871 Hervetus,
1089 2798 1200 2883 reponi
1220 2798 1271 2862 hic
1290 2798 1417 2863 debere.

368 2897 472 2962 Extat
486 2898 554 2979 παρ’
570 2898 686 2964 ε’κεῖνον
701 2900 733 2963 iu
753 2900 852 2963 οοείίοο
870 2900 1063 2963 Βαεοίίπςοπί
1080 2899 1259 2962 Bodleiano.
1304 2900 1418 2964 Nullus

367 3006 476 3063 cutem
500 3000 548 3062 καὶ
570 2999 830 3078 κοταποτήσαντες
850 3001 996 3083 agnoseit
1014 3000 1104 3063 codor
1117 3000 1314 3077 Bodlcinnns,
1332 3002 1418 3086 quod

368 3106 477 3164 tumen
493 3100 646 3163 invenerit
667 3100 700 3163 in
724 3098 847 3164 Τίίίοοο
867 3100 966 3164 codice
985 3100 1155 3163 Hcrvetns.
1201 3100 1311 3184 Neque
1333 3102 1417 3167 huno

367 3222 425 3263 nec
439 3200 576 3285 reliquos
589 3200 688 3264 hebet
702 3221 839 3264 oenones
853 3201 945 3264 endec
961 3202 1014 3263 86.

413 3303 495 3367 Ibid.
510 3303 531 3365 l.
547 3320 595 3387 15.
618 3306 695 3382 μετὰ
712 3311 887 3386 πλησμονῆς
906 3302 1123 3387 ἂπελνθίντος]
1154 3303 1250 3389 anpo
1272 3306 1348 3383 μετὰ
1368 3306 1416 3368 καὶ

367 3409 550 3484 πλησμονῆς.
606 3405 669 3468 Sed
698 3426 738 3469 ex
766 3406 962 3470 anctoritate
989 3404 1171 3489 scriptorum
1196 3404 1288 3468 Bodl.
1318 3412 1416 3490 atque

368 3506 514 3570 Ναοίσοί
542 3504 653 3570 contet
677 3505 867 3591 porticulum
894 3506 943 3570 καὶ
967 3504 1068 3569 omisi.
1124 3508 1164 3569 ln
1187 3506 1321 3571 Pedalie
1347 3508 1416 3591 qni-

368 3608 441 3671 dem
460 3606 546 3671 illem
562 3615 673 3672 cxtsre
693 3629 777 3671 nunc
794 3608 895 3671 video.
944 3608 1061 3670 Verum
1083 3606 1127 3669 ibi
1149 3608 1338 3673 adnotatum
1354 3617 1414 3686 est,

366 3710 401 3771 ἐν
415 3710 522 3775 ἄλλοις
541 3710 576 3773 οὐ
598 3717 700 3775 κεῖται.
747 3711 777 3773 N
781 3731 842 3773 unc
856 3730 930 3772 vero
945 3708 1022 3771 mihi
1037 3708 1163 3774 videtur
1178 3710 1212 3773 τὸ
1226 3714 1302 3789 μετὰ
1315 3719 1412 3790 πλησ·

366 3812 459 3891 μόνης
473 3812 587 3897 exponi
607 3812 722 3876 debere
737 3833 805 3875 οντα
826 3809 1029 3885 abnndantia,
1044 3832 1112 3887 seu,
1131 3812 1260 3877 divitiis.
1308 3812 1414 3877 Vertit

365 3911 483 3975 codicis
495 3912 609 3976 Tilicni
621 3913 778 3997 interpres
788 3934 857 3975 enm
865 3911 970 3976 multis
976 3914 1127 3996 pecuniis,
1140 3936 1231 3981 voces
1241 3922 1349 3979 tumen
1361 3936 1415 3979 ne·

366 4014 486 4080 sciente
501 4014 570 4078 cod.
584 4014 758 4079 Bodleiano
772 4014 841 4098 158.
852 4021 950 4097 utque
965 4016 1210 4100 OEoolcmpedio
1220 4016 1323 4080 altero
1336 4025 1413 4080 ente

365 4116 481 4182 Graece
495 4118 583 4182 edite
597 4117 780 4201 interprete.
814 4116 974 4201 Exposuit
989 4117 1116 4201 quidem
1130 4118 1165 4180 τὸ
1180 4120 1284 4182 ἱκανὸν
1296 4118 1414 4182 Petrus

367 4219 461 4283 Alex.
471 4220 502 4283 in
514 4219 606 4283 Actis
615 4218 853 4302 Apostolorum,
866 4225 1019 4302 tunquam
1029 4218 1056 4281 si
1066 4218 1265 4282 obJssonem
1277 4241 1413 4304 suosque

364 4321 544 4387 liberandos
568 4320 695 4384 multam
711 4321 876 4404 μνησαίατο
901 4320 1059 4403 accepisse
1079 4320 1269 4398 dicerentur,
1285 4323 1338 4405 qui
1360 4345 1415 4385 eos
