3242 5150
371 397 434 463 156
701 393 1081 460 ANNOTATIONES

369 569 444 650 πρὸς
456 567 524 634 τοὺς
542 567 783 649 χυρεπιακόπσυς
800 565 964 644 ἐπιστολὴν
985 570 1037 628 τοῦ
1056 565 1144 646 ἁγίου
1161 565 1333 630 Βασιλείαν.
1356 571 1416 630 διο·

366 673 497 754 pisorum
511 673 543 734 δὲ
559 670 608 734 καὶ
622 671 651 734 ol
664 673 716 750 τῆς
730 672 883 752 παρούσης
897 669 1023 732 συνόδου
1036 666 1171 748 πατέρες,
1182 666 1223 746 μὴ
1231 674 1416 750 χειροτονεῖν

366 775 595 857 χωρεπίσκοπον
615 773 838 854 πρεσβυτέρους
858 770 877 852 ἦ
898 771 1052 836 διακόνους
1069 769 1160 852 χωρὶς
1181 769 1335 852 ἐγγράφου
1352 771 1416 833 ἐπε·

367 879 478 956 στολῆς
486 879 538 938 τοῦ
549 877 693 958 ἐγχωρίου
703 875 876 946 ἐπισκόπου.
887 875 969 938 ἀλλὰ
982 873 1056 951 μηδὲ
1070 872 1277 952 πρεσβύτερον
1289 873 1413 939 πόλεως.

368 977 435 1058 περὶ
449 975 551 1056 μέντοι
565 981 617 1040 τοῦ
631 979 777 1058 παρόντος
799 976 926 1041 κανόνος
943 973 1093 1053 ἠθέλομεν
1113 972 1231 1054 γράψαι
1248 973 1324 1037 τινα·
1350 974 1415 1037 ἐπεὶ

367 1080 400 1142 δὲ
424 1079 441 1141 d
466 1082 525 1142 τῶν
546 1078 781 1160 χαρεπιακόπυν
804 1076 923 1156 βαθμὸς
947 1079 1101 1142 παντελῶς
1122 1073 1322 1154 ἠπράκησεν,
1344 1077 1414 1140 οὐδὲ

366 1181 450 1260 ἡμεῖς
476 1182 713 1259 ματαιοπονῆσαι
741 1177 942 1258 ἠθελήσαμεν.
997 1177 1140 1241 Aristoni
1170 1177 1323 1242 &lolium
1342 1179 1413 1264 jam

367 1282 462 1348 attuli
485 1303 556 1367 pag.
583 1297 652 1366 150.
698 1280 880 1345 Addiderat
901 1301 976 1345 vero
997 1289 1032 1344 et
1052 1279 1121 1344 lraee
1143 1279 1323 1358 Aristonus,
1338 1289 1413 1368 post

365 1385 523 1450 adnotata
544 1383 694 1449 nonnulla
716 1385 756 1449 de
778 1385 907 1450 Oanone
922 1384 969 1448 Χ.
989 1383 1119 1448 Consilii
1135 1383 1276 1449 Antinoi.
1290 1385 1413 1469 Episto-

366 1487 460 1574 loque
475 1488 509 1553 S.
527 1487 637 1552 Basilii
654 1488 701 1552 M.
713 1509 784 1573 quae
795 1487 835 1551 de
850 1486 1091 1572 chorepiscopis
1106 1492 1168 1561 est,
1183 1489 1412 1568 Χαρεπίσκοποι

366 1590 400 1654 δέ
415 1593 503 1668 εἰσιν,
517 1592 547 1655 ol
561 1589 691 1672 σήμερον
711 1592 745 1654 ἓν
766 1595 830 1658 ταῖς
852 1592 960 1670 κόμαις
982 1591 1029 1654 καὶ
1049 1589 1160 1671 χώραις
1180 1589 1413 1670 πραποπαπάδες

365 1689 533 1770 λεγόμενοι.
579 1687 727 1754 Balsamo
756 1696 961 1774 artemque
984 1688 1079 1773 puulo
1103 1689 1315 1774 antiquiorem
1336 1688 1412 1752 Ari·

364 1789 595 1854 stenumiuisse
604 1797 712 1855 oenset
723 1790 923 1876 Beveregins,
939 1790 1201 1855 eommentarium
1216 1813 1308 1855 snum
1322 1813 1412 1856 sene·

364 1900 472 1957 seente
494 1892 608 1956 monle
629 1892 815 1956 duodeeimo
835 1891 996 1977 scripsisse
1019 1893 1061 1956 ab
1086 1893 1198 1956 eodem
1220 1893 1411 1959 ostenditur.

365 1992 435 2056 Vid
452 1993 681 2078 Prolegomena
695 1995 853 2079 Ηγποιίἰοί,
869 1996 898 2077 d.
910 1995 972 2059 xiv.
988 2017 1018 2080 p.
1031 2018 1062 2058 x.
1077 2003 1112 2060 et
1122 1996 1151 2077 d.
1163 1995 1268 2060 xxviii.
1281 2019 1312 2081 p.
1324 1995 1411 2061 xviii.

365 2095 495 2160 Interea
517 2102 702 2182 protopspae
724 2097 811 2180 apud
830 2099 958 2161 Graeeos
980 2119 1054 2175 uon,
1072 2109 1110 2162 ut
1131 2097 1252 2182 priores
1267 2099 1411 2181 ehorepi·

363 2197 461 2282 soopi,
476 2198 542 2262 veri
557 2199 695 2284 episeopi
710 2199 861 2264 existunt.
910 2200 991 2264 (lum
1002 2221 1077 2264 vero
1089 2199 1174 2264 inter
1188 2199 1322 2266 Latinos
1335 2201 1411 2266 elre-

362 2299 598 2385 ropiseoporum
609 2302 688 2366 ordo
697 2301 751 2366 diu
761 2309 907 2387 redeptus
917 2309 1012 2379 esset,
1022 2300 1137 2366 saeenlo
1148 2303 1314 2368 undecimo
1325 2301 1411 2370 idem

363 2401 467 2467 adhuc
482 2403 691 2489 permansisse
713 2411 811 2489 atque
833 2404 977 2469 extitisse
994 2403 1028 2468 in
1045 2403 1164 2490 Anglia
1182 2405 1330 2481 ridetur;
1353 2407 1410 2470 sed

361 2505 657 2593 tamenaprimaero
666 2507 777 2571 ordine
788 2506 1083 2593 chorepiscoporum
1093 2507 1184 2571 vuldo
1192 2514 1348 2587 mutatus,
1355 2510 1410 2594 qui

361 2609 500 2695 episeopi
514 2611 644 2687 rurales,
656 2611 758 2697 magis
771 2632 866 2695 quam
878 2610 1097 2696 episeoporum
1112 2610 1292 2675 urbieorum
1301 2611 1409 2675 vienni

360 2711 498 2776 fuerunt.
543 2712 686 2778 Posteris
703 2712 910 2798 temporibus,
933 2712 1090 2777 referente
1112 2712 1158 2775 H.
1173 2711 1357 2780 Whartono
1375 2714 1410 2777 in

360 2813 442 2878 libro
463 2816 512 2877 Do
533 2816 693 2901 Episeopis
714 2814 955 2879 Londirrsnsilse
977 2816 1034 2879 dre.
1057 2836 1090 2897 p.
1109 2833 1179 2893 124.
1201 2836 1294 2879 anno.
1314 2835 1408 2900 1331.

362 2916 515 3001 Stephani
549 2918 687 3003 episeopi
721 2917 973 3003 ehorepisoopns‚
1004 2938 1059 2981 sen
1091 2916 1317 3002 suffiuguneus,
1347 2917 1409 2982 luit

361 3018 478 3081 Petrus
500 3017 723 3097 Gorbanensis,
745 3019 793 3084 vel
816 3018 1049 3097 Oorbarieusis,
1073 3020 1126 3103 qui
1148 3019 1320 3083 multorum
1344 3020 1409 3104 epi-

359 3140 526 3203 scoporum
542 3121 710 3204 provineiae
725 3121 964 3187 Gantuariensis
978 3119 1145 3207 supplebat
1160 3120 1306 3199 offleium,
1316 3121 1408 3185 inor-

359 3220 486 3285 dinibus
500 3221 707 3301 celebrandis,
720 3223 859 3289 ecelesiis
869 3222 1064 3300 dedioandis‚
1072 3222 1248 3307 ceterisque
1262 3223 1408 3287 omnibus

220 3374 226 3386 .
359 3322 401 3385 ad
430 3322 639 3388 ministerium
668 3325 806 3411 episcopi
836 3324 1062 3411 spectantibus.
1108 3323 1154 3389 Et
1179 3324 1212 3387 hi
1237 3345 1346 3389 omnes
1368 3325 1408 3389 iis

358 3425 738 3513 temporibusepisoopiia
740 3426 885 3513 parides
893 3426 1045 3512 appellari
1055 3426 1408 3504 consueverunt,duotis

357 3525 459 3591 titulis
478 3528 521 3592 ab
542 3537 726 3594 exterarum
746 3530 891 3616 gentium
910 3530 1042 3594 urbibus
1062 3537 1096 3594 et
1115 3528 1249 3614 oppidis.
1316 3528 1408 3594 Inter

357 3627 480 3693 eodioes
510 3651 646 3715 quoqne¹
662 3632 801 3698 MSStos
827 3632 1034 3698 Bibliotheeae
1063 3631 1302 3709 Lambethanoe,
1325 3652 1406 3716 quos

357 3730 476 3815 primns
496 3733 636 3797 omnium
658 3736 728 3799 orbi
750 3742 845 3800 notos
863 3734 939 3800 feeit
960 3734 1119 3800 Suttonus
1139 3733 1404 3819 arehiepiscopus,

357 3854 428 3896 eum
458 3854 623 3899 numerum
652 3857 762 3901 eorum
791 3836 1082 3901 munificentissime
1110 3836 1262 3913 auxisset,
1293 3843 1405 3901 extare

356 3933 474 3998 dieitur
497 3956 568 4020 pag.
596 3936 649 4000 80.
681 3937 829 4023 Cotalopi
856 3937 1019 4002 Iadimluo
1043 3937 1326 4023 Ciorepiseopomm
1352 3959 1405 4001 sea

356 4038 625 4122 Suffmpanaomua
656 4041 798 4126 Epebsop.
836 4041 972 4105 moran
1005 4042 1151 4105 damnor.
1188 4040 1403 4126 aliommquos

356 4138 465 4203 eonier
486 4145 520 4203 et
541 4162 614 4225 pag.
631 4143 682 4205 81.
728 4142 803 4227 Ipse
825 4164 899 4208 vero
921 4143 972 4208 hie
993 4143 1090 4208 index
1110 4166 1132 4207 a
1151 4140 1333 4207 doctissimo
1351 4142 1404 4205 illo

358 4242 541 4307 Whartono
563 4242 638 4307 olim
660 4244 823 4311 eonfeetus
842 4247 884 4311 ab
904 4246 1040 4310 Andrea
1063 4244 1244 4322 Duearello,
1263 4251 1301 4309 ut
1320 4266 1404 4309 nune

356 4355 552 4429 compertum
574 4346 687 4426 habeo,
711 4369 795 4412 anno
814 4350 906 4432 1785.
922 4346 1003 4432 juris
1025 4346 1140 4432 publiei
1162 4347 1266 4412 laetus
1287 4347 1403 4411 iuerat.
