3242 5150
303 431 355 496 IN
378 429 634 495 ANCYRANI
661 428 879 494 CONCILII
903 429 1133 494 CANONES.
1178 427 1242 493 166

193 623 284 688 quom
311 622 436 679 οοςοςου,
460 599 600 666 debitore
622 598 823 686 probitum.
862 599 967 666 Vetus
1000 600 1167 685 interpres,
1192 599 1244 665 eui

195 704 230 788 (1.
242 707 328 790 quae)
345 725 414 769 euro
435 704 623 769 mareotim
644 703 776 789 oirpim
796 701 950 790 utpute·
969 704 1049 767 sieut
1065 723 1180 768 norom
1197 722 1243 768 oe·

193 817 301 873 έαοαυο.
346 807 410 872 Sed
434 829 545 872 sensus
568 806 601 870 in
625 813 762 891 utraque
784 805 921 871 leotione
944 805 1029 870 idem
1051 813 1112 871 est.
1158 808 1244 872 Nam

194 909 384 975 tantundem
395 915 446 974 est
455 907 591 995 virgines
602 908 685 973 viros
699 930 813 974 voeare
822 909 948 986 tratres,
957 915 1057 993 atque
1067 908 1151 972 viros
1165 909 1245 974 istos

193 1034 248 1077 eas
262 1033 376 1078 voeare
395 1033 528 1077 sorores.
575 1013 651 1075 Mos
673 1011 768 1088 enim,
787 1017 825 1075 ut
841 1010 978 1090 videtur,
1002 1018 1072 1076 tum
1092 1011 1245 1097 temporis

156 1121 161 1130 ’
193 1114 372 1192 obtinebat,
396 1119 434 1178 ut
457 1113 594 1199 virgines
615 1113 774 1178 nonnulle
799 1134 872 1178 oum
895 1113 971 1178 viris
993 1121 1149 1199 tanquam
1171 1136 1244 1179 oum

194 1216 347 1282 frutribus
361 1216 427 1280 suis
442 1216 674 1292 cohabitarent
691 1237 826 1301 queeque
839 1216 881 1280 ab
896 1216 935 1280 iis
950 1223 1119 1301 propterea
1132 1238 1245 1282 eorem

194 1319 289 1383 diotae
310 1325 396 1393 eunt,
410 1325 445 1383 et
464 1339 689 1404 nonnunquam
710 1319 859 1401 ἀγαπητοὶ
872 1317 1000 1392 dilecta
1016 1326 1054 1383 ut
1068 1328 1103 1384 et
1117 1319 1175 1383 viri
1189 1319 1243 1385 isti

194 1423 340 1504 ἀγαπητοὶ
354 1421 458 1486 ditat
472 1443 581 1486 earum
596 1423 638 1486 ob
653 1421 729 1505 ipsis
741 1421 915 1507 nuncupati
926 1429 1011 1486 sunt.
1041 1421 1134 1503 Quod
1145 1422 1244 1487 etiam

193 1546 215 1589 a
239 1522 423 1588 Justiniano
452 1523 649 1587 Diaoonissis
672 1522 857 1588 ordinandis
878 1523 1067 1609 prohibetur
1088 1524 1243 1601 edioente,

202 1625 457 1690 Volummautem
477 1635 504 1690 a
524 1626 617 1712 ipsos,
632 1645 700 1710 qrsoe
721 1625 766 1689 od
786 1625 1006 1691 edituum»
1019 1625 1243 1712 perducuntur,

193 1729 405 1806 Βίαοουίοοαα,
425 1729 487 1794 aee
507 1750 543 1792 en
564 1728 722 1806 videtete,
744 1729 807 1793 sies
828 1750 866 1794 αα
884 1729 1071 1815 oirpiaitute,
1094 1749 1156 1794 αοα
1177 1749 1246 1794 eum

193 1831 496 1917 otiquoeotoereates,
511 1840 567 1896 out
586 1841 787 1917 οοφιαιοουος,
802 1839 859 1896 ους
874 1853 987 1909 eoram,
1002 1851 1074 1918 quos
1088 1831 1246 1918 appetem

193 1933 314 1998 (libatos
343 1933 470 2013 (tutibus
493 1934 574 1998 enim
595 1932 764 1998 nominibus
786 1943 899 1999 ursam
921 1932 1059 2021 malique
1079 1935 1246 2022 semideae

193 2057 281 2101 atam
295 2036 411 2122 replent
424 2037 533 2119 οίυοοα)
549 2036 604 2101 sed
615 2046 670 2101 aot
683 2035 756 2102 sota
769 2035 910 2115 habitent,
924 2046 980 2102 aut
989 2057 1057 2103 ουος
1064 2037 1246 2123 petendus

193 2139 275 2217 οοίίο,
289 2139 415 2226 dfitie's,
428 2146 484 2203 aut
494 2161 561 2204 esre
566 2139 736 2223 frutribus.
768 2141 791 2203 J
794 2141 943 2205 ustinian.
960 2141 1071 2206 Novel.
1083 2142 1123 2206 vi.
1134 2163 1203 2228 ουρ.
1213 2143 1244 2206 6.

194 2242 249 2306 ubi
263 2242 377 2307 ultima
390 2243 496 2319 verba,
511 2251 567 2308 aot
580 2241 819 2326 oeresrotn'bus,
835 2242 1018 2330 indigitant,
1033 2265 1089 2308 eas
1103 2263 1175 2308 oum
1189 2243 1246 2308 ali-

195 2345 309 2431 quibus
323 2352 477 2430 tanquam
491 2346 656 2424 fratribus,
671 2345 725 2431 qui
740 2353 849 2411 temen
860 2368 928 2411 vere
938 2346 1055 2411 fratres
1069 2369 1133 2411 non
1143 2355 1245 2426 erant,

194 2447 381 2513 oohabitsre
406 2448 526 2514 solitus.
573 2447 619 2512 Et
646 2448 827 2533 hujusmodi
853 2469 930 2513 sane
960 2448 1096 2533 virgines
1124 2450 1245 2514 eoedem

193 2551 333 2628 fuerunt,
358 2571 429 2637 quse
452 2574 473 2617 a
492 2550 633 2618 Oenoilio
655 2551 784 2617 Nioaeno
808 2551 913 2638 primo
936 2553 1127 2617 συνείοακτοι
1150 2550 1246 2617 dieue

193 2663 289 2727 sunt;
312 2661 426 2739 utpote
442 2675 522 2739 quas
535 2676 675 2740 praesenr
690 2652 788 2719 etiam
802 2674 905 2718 eonon
920 2660 1013 2718 voest
1029 2656 1082 2721 rte
1096 2678 1243 2736 συνερχο-

189 2756 286 2836 μένας
306 2756 473 2837 παρθένους
493 2758 584 2834 τισὶν,
598 2758 638 2824 ὥς
660 2758 814 2838 ἀδελφοῖς.
858 2757 910 2822 De
924 2756 1039 2842 quibus
1058 2756 1092 2820 in
1111 2762 1245 2821 annota-

193 2857 332 2923 tionibus
356 2859 398 2923 ud
420 2859 552 2925 tertium
575 2858 654 2924 dieti
677 2858 800 2924 Nioaeni
821 2858 951 2925 Oenoilii
969 2878 1123 2924 moenem
1143 2856 1246 2922 fusius

191 2960 407 3025 disseruimus.
422 2960 644 3027 BEVEREG.
684 2961 868 3027 Leetionem
883 2964 1027 3043 ἁδελφὸς,
1043 2980 1138 3045 quam
1152 2967 1243 3046 post·

191 3062 298 3148 posuit
315 3062 516 3147 Beveregius‚
531 3070 660 3129 servant
675 3085 738 3127 non
753 3070 882 3129 tontum
896 3062 977 3141 libri,
988 3084 1067 3149 quos
1077 3061 1130 3127 ille
1140 3082 1246 3127 reeen-

190 3164 265 3241 euit,
293 3166 349 3229 sed
375 3171 409 3230 et
433 3165 636 3230 Concidet-um
661 3166 881 3251 Ouaonmaque
905 3164 1063 3231 editiones
1081 3184 1152 3229 oum
1176 3163 1247 3249 ipso

195 3264 267 3329 Titii
287 3267 443 3331 Catonum
458 3267 572 3332 Greeee
589 3266 728 3331 editione
744 3288 815 3351 quae
834 3267 982 3354 prineeps
995 3274 1058 3343 est,
1072 3266 1247 3351 oodieesque

193 3366 358 3433 Bodletimi
371 3389 468 3433 ουοαοο
487 3376 606 3454 praeter
626 3388 721 3432 onum
740 3367 829 3433 illum
840 3388 913 3454 205.
958 3370 1103 3433 Zonaras
1121 3389 1247 3453 quoque

198 3471 309 3534 Corum.
323 3470 357 3533 in
371 3471 455 3534 hune
469 3469 630 3535 Oanonem
646 3477 679 3535 et
694 3470 727 3534 in
742 3470 862 3536 Canon.
876 3472 947 3535 111.
962 3471 1136 3536 Nieaenum.
1181 3469 1247 3533 Ex·

196 3577 310 3656 totque
330 3571 364 3635 in
378 3570 511 3636 Pedalie
533 3579 566 3635 et
590 3572 703 3636 Veneto
720 3571 839 3657 Syllope
860 3580 895 3636 et
916 3571 949 3635 in
965 3571 1092 3655 Lloffii
1106 3572 1210 3647 Mne,
1225 3591 1248 3635 a

197 3695 259 3759 quo
274 3681 382 3739 tamen
396 3674 436 3741 ὣς
449 3672 552 3738 abest.
600 3671 703 3739 Alteri
717 3680 827 3738 autem
842 3675 987 3755 ἀδελφοῖς
1004 3672 1248 3759 patrocinantur

196 3782 263 3841 tres
286 3781 554 3840 commentatores
578 3774 737 3851 Balsama
767 3775 951 3850 Aristonus,
978 3774 1160 3850 Blastares3
1190 3774 1248 3859 Sy-

196 3898 289 3941 meon
315 3876 426 3941 itidem
454 3877 613 3962 Magister
635 3876 668 3940 in
693 3876 834 3963 Ερίιοοιο
865 3878 1022 3941 monum
1043 3874 1130 3961 apud
1156 3876 1250 3941 Jom

199 3980 311 4044 Οαοοα.
342 3979 408 4042 Vet.
423 3976 642 4043 Bittiotteeom
656 3985 690 4043 et
706 3978 965 4065 Harmenopnlus
979 3980 1012 4043 in
1027 3980 1166 4065 Ερᾱοοιο
1181 3978 1245 4043 Tit.

195 4082 253 4147 ult.
269 4081 354 4166 apud
378 4081 440 4146 Jus
457 4082 668 4145 erato-uon.
683 4103 714 4166 p.
730 4081 777 4144 18.
822 4078 936 4145 Posuit
953 4082 1085 4145 eandem
1103 4081 1136 4144 in
1153 4080 1248 4163 Spao-

195 4184 264 4249 dieo
289 4205 347 4248 euo
371 4183 572 4269 Beveregius.
618 4182 684 4246 Neo
708 4181 843 4246 multum
869 4181 977 4256 refert,
1003 4190 1110 4246 utram
1134 4180 1249 4246 harum

196 4286 297 4351 malis.
342 4284 395 4350 De
408 4306 485 4351 voee
503 4292 612 4350 autem
633 4283 855 4367 συνερχομένας
876 4285 961 4347 Heu.
977 4283 1161 4347 Dodwellus
1174 4284 1249 4347 Dis·

195 4396 263 4451 m.
288 4386 492 4473 Cyprianiii.
518 4386 572 4472 qui
595 4384 760 4471 deseriptis
784 4384 880 4471 hujus
899 4384 1038 4450 Oanonis
1060 4384 1174 4458 verbis,
1198 4386 1250 4451 rte

195 4490 300 4569 μέντοι
315 4488 536 4573 συνερχομένας
550 4488 716 4570 παρθένους
732 4490 811 4553 τιοὶν
831 4487 870 4555 ὣς
889 4489 1024 4568 ἀδελφὸς
1044 4487 1248 4564 remeante,
