3242 5150
413 400 662 465 APOLOGIA
686 397 779 462 PllO
801 398 1030 463 ORIGENE.
1184 399 1248 462 345

194 569 288 634 trinae
302 591 434 656 operam
445 570 579 646 dederit,
589 569 665 633 nulli
679 568 811 632 dubium
822 573 872 633 est
883 575 916 632 et
928 589 968 632 ex
981 567 1031 632 his
1046 591 1116 652 quae
1131 567 1173 632 ad
1188 589 1247 632 nos

193 679 323 756 laboris,
338 686 373 744 et
387 679 486 744 studii
499 680 568 765 ejus
582 679 759 744 certissima
776 678 985 763 designantur
1004 677 1140 742 indicia:
1164 701 1247 764 prae-

194 789 285 874 cipue
299 811 373 853 vero
388 811 445 874 per
459 811 515 854 eos
530 795 698 866 tractatus,
715 809 795 873 quos
810 809 891 872 pene
902 788 1044 873 quotidie
1059 788 1092 851 in
1105 787 1248 852 Ecclesia

193 896 335 964 habebat
354 906 550 983 extempore,
566 920 645 982 quos
659 905 693 963 et
714 897 931 964 describentes
951 898 1068 964 notarii
1090 899 1132 964 ad
1148 899 1247 963 moni-

194 1015 337 1074 mentum
361 1009 562 1093 posteritatis
585 1011 770 1075 tradebant.
815 1008 1021 1093 Consequens
1046 1008 1144 1092 igitur
1166 1015 1247 1085 erat,

194 1141 235 1184 ex
257 1118 307 1184 his
328 1119 474 1184 omnibus
493 1119 639 1185 laborum
658 1130 690 1184 et
710 1120 889 1184 studiorum
908 1139 1037 1182 suorum
1057 1118 1248 1184 testimoniis

193 1229 343 1313 amplecti
367 1229 464 1294 telem
490 1229 611 1294 virum:
645 1237 679 1294 et
705 1250 806 1312 neque
831 1227 1021 1292 defensionis
1045 1228 1152 1292 studio
1175 1227 1247 1312 plus

193 1339 271 1403 dere
286 1338 316 1402 ei
337 1338 444 1404 meriti
465 1361 561 1423 quam
584 1361 733 1405 mensura
756 1338 911 1424 deposcit,
935 1359 1037 1422 neque
1059 1359 1168 1402 rursus
1190 1339 1246 1402 ob·

193 1447 354 1513 trecteodi
368 1448 445 1512 vitio
461 1447 552 1512 facile
572 1448 796 1524 condemnare,
810 1454 845 1512 et
864 1447 1001 1512 alienum
1023 1449 1065 1511 nb
1085 1447 1246 1512 ecclesias-

194 1548 260 1614 tice
286 1550 434 1614 doctrina
460 1558 580 1616 temere
605 1551 830 1634 pronuntiare:
862 1572 934 1614 cum
964 1557 1134 1633 utrumque
1160 1550 1246 1614 istud

194 1657 405 1742 praecipitium
426 1658 595 1741 providens
616 1667 692 1723 ante
713 1659 837 1723 divinus
858 1680 960 1722 sermo
980 1659 1178 1742 prohibuerit
1198 1659 1244 1722 di-

193 1788 284 1831 cens:
308 1768 410 1831 Ι(Νοπ
432 1769 472 1832 sit
495 1769 530 1831 ir
552 1779 579 1833 te
602 1789 742 1832 masura
756 1768 864 1850 nsojor,
881 1789 1121 1851 cequerrrcnsurc
1136 1770 1245 1834 nrinor.

193 1875 405 1942 nominatio
424 1886 467 1942 cst
487 1880 566 1944 anm
586 1881 621 1943 io
640 1890 793 1963 compertu
807 1878 937 1942 Domini
957 1888 1124 1961 atramque.
1163 1877 1245 1940 Uni-

193 1986 306 2071 cuique
320 1987 416 2065 euim,
431 1996 528 2072 prout
543 1988 673 2072 dignum
688 1994 747 2063 est,
764 1988 917 2063 tribuere,
935 1987 1070 2071 justitiae
1091 1987 1150 2050 boc
1173 2009 1244 2072 pro

192 2097 296 2181 prium
322 2104 382 2161 est.
429 2098 564 2183 Propter
585 2099 671 2183 quod
692 2105 726 2162 et
747 2119 895 2162 mensura
917 2097 1042 2182 integra
1064 2107 1097 2160 et
1122 2098 1245 2182 pondus

191 2205 314 2291 aequule
328 2207 523 2292 acceptabile
537 2217 587 2273 est
602 2209 688 2291 apud
701 2208 824 2278 Deum;
849 2228 913 2270 uon
923 2207 983 2270 hoc
995 2207 1080 2291 quod
1091 2207 1244 2272 mentitur

192 2318 370 2396 veritstem,
385 2341 443 2403 per
464 2321 549 2405 quod
572 2320 619 2383 vel
642 2321 712 2404 plus
732 2321 872 2384 donatur
895 2319 989 2381 rebus
1013 2340 1108 2401 quom
1131 2319 1245 2384 merita

191 2433 376 2510 exposcunt,
393 2427 441 2490 vel
461 2428 661 2492 subtrahitur
681 2428 803 2492 meritis
819 2429 903 2511 quod
925 2429 1069 2491 debetur.
1115 2427 1243 2506 Quanto

191 2537 310 2603 rectius
323 2543 456 2623 agerent
471 2539 705 2602 obtrectatores
720 2537 784 2613 isti,
796 2537 823 2601 si
838 2538 959 2621 absque
973 2537 1037 2601 ulls
1051 2536 1148 2601 animi
1164 2559 1242 2621 prae·

193 2646 351 2722 ventione,
366 2668 437 2710 cum
454 2647 539 2710 omui
559 2647 709 2731 religione
728 2646 880 2722 veritatis,
898 2668 993 2730 quam
1007 2646 1153 2709 omnibus
1168 2668 1241 2730 pro·

193 2755 286 2819 rimis
300 2756 418 2821 nostris
430 2778 503 2821 cum
514 2756 650 2821 caritate
661 2756 811 2839 jubemur
826 2756 1015 2839 expendere,
1030 2756 1242 2841 intelligerent

192 2870 226 2929 et
240 2864 344 2950 ipsum
357 2887 455 2931 unum
470 2867 510 2929 de
525 2865 679 2951 proximis
693 2886 761 2928 esse
777 2864 891 2947 quibus
909 2862 1076 2928 caritatem
1092 2886 1133 2929 ex
1151 2887 1240 2929 mon-

192 2975 270 3040 dato
295 2974 455 3052 debemus,
482 2983 516 3040 et
538 2983 699 3039 assumtos
721 2974 820 3037 libros
846 2974 914 3056 ejus
939 2974 1079 3059 legerent
1107 2996 1177 3039 cum
1204 2998 1242 3040 eo

190 3086 292 3161 venia,
319 3107 415 3171 quam
440 3086 507 3172 ipse
536 3086 567 3149 in
594 3085 841 3151 Praelatiouibus
871 3085 935 3147 suis
963 3086 1115 3169 deposcit,
1142 3086 1241 3151 sicubi

190 3198 282 3263 venie
301 3198 431 3283 dignum
452 3197 572 3283 aliquid
595 3198 781 3263 invenirent.
829 3196 920 3261 Nunc
944 3218 1018 3261 vero
1041 3197 1242 3261 econtrario

191 3308 300 3373 videus
323 3331 378 3373 eos
399 3309 576 3373 maledictis
598 3309 726 3393 quidem
749 3308 936 3392 probrisque
958 3306 1062 3369 *mihi
1085 3328 1148 3371 non
1171 3328 1243 3390 par-

190 3439 281 3496 cere;
305 3440 359 3483 eos
374 3441 448 3483 vero
463 3419 516 3503 qui
530 3418 759 3503 scripturorum
775 3416 1050 3498 intelligendorum
1068 3417 1241 3479 secuudum

190 3529 377 3593 mandatum
397 3529 526 3593 Domini
541 3535 575 3593 et
599 3529 773 3593 Salvatoris
790 3527 904 3604 nostri,
918 3526 1058 3591 studium
1078 3532 1205 3609 gerunt,
1221 3547 1242 3588 u

189 3639 324 3704 lectione
345 3638 497 3703 librorum
519 3640 588 3723 ojus
610 3640 791 3713 deterrere;
815 3636 964 3721 quaelibet
986 3635 1084 3699 etiam
1107 3634 1171 3699 alia
1193 3634 1240 3697 in-

189 3754 276 3833 epte,
300 3748 397 3813 etiam
419 3748 497 3812 nihil
519 3748 696 3834 profutura,
715 3746 822 3833 potius
845 3766 941 3829 quam
964 3743 1046 3808 illius
1068 3742 1236 3807 Commen-

191 3859 290 3923 tarios
304 3859 365 3944 legi
381 3860 496 3924 debere
510 3859 715 3923 affirmantes.

234 3968 273 4031 In
288 3968 402 4053 quibus
417 3991 503 4054 saepc
517 3968 615 4033 etiam
629 3966 752 4031 ridiculi
773 3964 893 4049 aliquid
916 3962 983 4050 pati
1005 3962 1116 4027 solent.
1155 3962 1238 4026 Nam

189 4087 350 4143 uteorum
364 4081 563 4145 contentiosa
578 4078 769 4165 praesumtio,
785 4077 834 4140 vel
851 4084 886 4141 ut
902 4075 1005 4139 verius
1022 4075 1137 4151 dicam,
1155 4096 1235 4159 prae-

354 4357 367 4395 ¹¹
383 4356 455 4404 Prov.
469 4372 510 4404 u.
526 4370 564 4404 ro.
902 4352 916 4381 *
928 4350 992 4413 (sor.
1005 4348 1072 4412 ipsi.)

232 4458 301 4499 vol..
319 4458 361 4498 lv,
671 4455 691 4493 Y
706 4455 727 4516 y
