3242 5150
236 411 286 478 IN
310 412 341 479 S.
361 413 582 481 DIONYSII
606 409 881 479 NlCETIANA
905 409 1175 479 EXCERPTA.
1198 414 1263 479 449

211 586 308 649 verba
333 585 532 649 emendanda
558 593 656 668 atque
681 583 858 668 supplenda
882 584 961 647 mihi
981 584 1172 668 comparavi.
1219 583 1265 646 Et

211 697 329 772 praeter
344 688 468 751 codices
479 687 670 751 Bodleiauos
687 686 779 750 Pauli
792 685 943 749 Comitoli
958 686 1263 770 Interpretaticncm

213 789 362 854 Latinam
386 798 462 853 aute
485 787 600 853 Graeca
622 787 752 864 editam,
774 788 935 872 aliumque
956 789 1095 852 codicem
1116 789 1264 852 Graecum

211 890 287 954 olim
309 891 616 964 Msermauuianum,
633 910 716 954 nunc
738 911 853 965 meum,
875 890 917 952 ad
939 891 998 954 hos
1021 912 1097 953 usus
1121 888 1263 952 adhibui.

213 991 347 1054 Codices
362 1012 559 1067 enumerare,
570 992 657 1056 taedii
674 990 794 1054 vitandi
810 1012 917 1065 causa,
933 992 1136 1076 supersedeo,
1151 988 1265 1073 quibus

211 1091 381 1158 obsecutus
402 1096 490 1174 ῥῆσιν
512 1095 647 1178 primam
671 1091 817 1176 Dionysii
839 1093 965 1156 nomine
983 1091 1016 1152 iu
1031 1090 1154 1155 Octauo
1174 1089 1195 1152 J
1198 1087 1263 1151 unii

211 1194 397 1279 inscriptam
413 1195 624 1258 omittendam
642 1194 728 1257 duxi.
778 1195 867 1257 Male
883 1216 943 1278 ego
961 1193 1122 1256 codicibus
1137 1191 1264 1275 scriptis

211 1304 309 1380 atque
329 1296 468 1359 editione
490 1291 632 1360 Juniana
654 1291 760 1372 fultus,
776 1295 923 1359 similiter
942 1314 1016 1357 vero
1036 1299 1164 1356 errante
1184 1292 1263 1354 Dic-

211 1397 292 1479 nysii
313 1395 451 1460 editione
468 1399 625 1470 Romana,
642 1398 743 1461 multa
764 1398 928 1481 splendide
942 1395 1031 1458 dicta
1048 1405 1203 1477 tanquam
1220 1393 1262 1456 ad

213 1497 399 1582 Dionysium
409 1498 602 1582 pertinentia
611 1499 686 1562 olim
696 1498 925 1583 attuli,postea
934 1497 994 1559 hcc
1004 1503 1141 1579 reperto,
1151 1494 1264 1557 eadem

212 1597 267 1662 illa
289 1610 400 1663 extare
423 1598 455 1662 in
478 1599 510 1662 S.
523 1600 659 1664 Jcannis
680 1599 898 1684 Chrysostomi
921 1595 1061 1662 Homtbio
1076 1618 1154 1658 xvu.
1170 1594 1264 1678 vulgo

212 1723 313 1763 xxxu.
325 1702 360 1763 in
371 1701 554 1764 Mautaeam
565 1725 637 1786 pag.
648 1720 832 1786 334-337.
847 1710 925 1764 tom.
935 1721 988 1762 vu.
1004 1699 1052 1761 ed.
1064 1696 1263 1760 Benedictis.

213 1802 379 1866 Prodeunt
397 1802 521 1866 interea
544 1802 577 1864 iu
597 1803 744 1866 Romana
767 1802 914 1886 Dionysii
936 1800 1076 1864 editione
1101 1799 1182 1863 Haec
1199 1798 1263 1861 Ex·

212 1911 323 1986 cerpta
338 1903 396 1966 sub
411 1903 506 1966 titulo
521 1905 555 1966 S.
569 1903 715 1986 Dionysii
729 1904 779 1966 Do
797 1902 966 1984 Martyria
982 1908 1153 1985 propterea
1167 1901 1265 1983 quod,

212 2012 249 2069 ut
263 2005 311 2068 ait
333 2004 369 2068 cl.
387 2003 502 2080 editor,
522 2004 554 2067 in
569 2005 803 2089 exemplaribus
822 2005 955 2066 Catenae
978 2003 1010 2064 in
1032 2003 1065 2064 S.
1080 2001 1199 2065 Lucam
1219 2002 1264 2065 al-

212 2107 312 2170 latum
338 2105 468 2169 Nicctas
491 2105 621 2182 habeat,
644 2107 807 2169 Διονυσίου
828 2102 1058 2185 Ἀλεξανδρείας
1082 2105 1156 2183 πρὸς
1179 2102 1265 2183 Ὠρι·

212 2207 323 2288 γέυηνς
354 2208 631 2292 Hieronyrnusque
654 2216 688 2270 ct
710 2206 764 2271 alii
791 2206 927 2269 fortasse
951 2205 1123 2289 scriptores
1147 2227 1265 2269 memo·

211 2310 313 2374 rarint
322 2308 436 2373 librum
448 2311 488 2374 de
498 2310 659 2394 Martyrio
668 2331 689 2373 a
699 2308 854 2393 Dionysio
865 2307 1020 2392 scriptum
1031 2308 1073 2371 ad
1083 2308 1263 2392 Origeuem.

214 2409 293 2474 Vide
313 2432 385 2494 pag.
397 2412 440 2473 ix.
457 2410 669 2475 Praeiatiouis.
716 2411 763 2474 At
785 2431 869 2486 vero,
890 2409 1016 2473 etiamsi
1039 2431 1150 2490 ponas,
1170 2409 1263 2473 Nice-

212 2518 280 2575 tam
304 2512 336 2575 in
360 2513 482 2576 Ostena
506 2533 564 2576 sua
592 2511 625 2574 in
649 2508 782 2587 Jobem,
809 2509 940 2595 perinde
964 2518 1062 2595 atque
1085 2510 1118 2573 in
1144 2509 1198 2575 illa
1221 2511 1263 2574 ad

215 2613 350 2689 Lucam,
366 2612 510 2697 Dionysii
532 2612 646 2675 librum
669 2612 741 2693 πρὸς
762 2610 926 2692 Ὠριγένην
940 2600 1098 2688 attulisse,
1114 2612 1147 2673 in
1166 2613 1264 2676 dubio

213 2722 321 2778 tamen
337 2715 429 2787 soret,
445 2736 487 2776 an
502 2714 585 2776 idem
601 2713 652 2775 hic
668 2712 721 2787 sit,
737 2719 835 2795 atque
850 2712 901 2775 ille
916 2712 954 2775 dc
968 2713 1126 2793 Memmio
1140 2734 1265 2797 compo·

213 2815 302 2878 situs.
348 2815 417 2878 Nos
436 2814 607 2876 admonere
627 2813 713 2876 haud
734 2813 852 2875 oblitus
872 2821 922 2876 est
940 2812 987 2874 vir
1010 2813 1047 2875 cl.
1070 2812 1157 2885 nibil,
1180 2815 1264 2896 quod

213 2916 401 2993 noverimus,
424 2916 585 3000 scripsisse
608 2914 738 2997 Origeni
762 2915 952 2999 Dionysium
978 2923 1096 2999 praeter
1122 2914 1197 2979 illud
1224 2916 1265 2979 de

213 3018 372 3100 Martm'io
404 3040 494 3101 opus.
549 3016 722 3100 Utcunque
748 3016 791 3080 sit
817 3017 914 3089 istud,
942 3038 1015 3079 cum
1039 3017 1100 3080 tine
1128 3016 1264 3081 Secundi

213 3118 366 3202 Excerpti
377 3119 419 3182 ad
431 3117 583 3203 reliquam
595 3140 628 3181 se
642 3140 773 3202 pergere
785 3118 1082 3201 interpretationem
1095 3119 1264 3202 profitetur

212 3218 395 3302 Dionysius,
411 3219 459 3283 sin
478 3219 586 3303 potius
601 3219 731 3283 Oetenae
747 3220 996 3295 consarcinator,
1012 3219 1098 3283 haud
1120 3219 1194 3282 inde
1213 3242 1264 3283 se-

213 3321 331 3405 quitur,
352 3327 541 3404 perpetuum
561 3328 594 3384 et
614 3320 737 3403 justum
758 3321 1028 3385 Commentarium
1049 3322 1082 3383 in
1102 3322 1125 3383 J
1128 3322 1223 3384 obum
1243 3342 1265 3383 a

214 3423 246 3485 S.
259 3421 412 3505 Dionysio
423 3443 492 3485 esse
504 3421 724 3505 compositum,
741 3423 825 3506 quod
838 3422 932 3487 sileat
946 3422 1134 3505 antiquitas.
1168 3421 1264 3486 Ocrte

212 3521 239 3585 si
260 3530 326 3585 tam
348 3522 459 3585 diserti
475 3522 647 3605 Scriptoris
660 3522 726 3585 tale
741 3543 880 3606 unquam
896 3544 975 3607 opus
990 3523 1159 3598 extitisset,
1172 3522 1264 3605 plura

212 3625 321 3688 iudea
335 3622 573 3688 catenatoribus
588 3623 621 3685 in
638 3623 658 3686 J
661 3624 756 3685 obum
771 3624 988 3707 depromenda
1002 3632 1117 3685 essent.

256 3728 295 3789 P.
307 3745 380 3810 439.
396 3726 416 3789 l.
430 3728 461 3788 6.
484 3724 529 3787 Τὸ
551 3727 583 3787 δὲ
601 3724 672 3809 bc]
695 3724 797 3787 Extat
817 3725 878 3787 hoc
899 3731 1086 3809 excerptum
1104 3724 1135 3786 in
1151 3745 1220 3808 cap.
1230 3722 1262 3787 ii.

212 3851 284 3914 pag.
295 3833 346 3913 96.
362 3827 409 3891 οιί.
425 3827 532 3903 Ιουιίί,
552 3827 595 3890 ibi
617 3849 702 3903 veru,
719 3826 801 3889 sicut
816 3827 849 3889 in
866 3824 1003 3889 conieci
1028 3826 1169 3888 Versicnc
1182 3826 1263 3888 oedi-

212 3930 355 4015 cibasquc
369 3929 461 3993 Bodl.
477 3948 551 3992 nor.
568 3936 601 3993 et
624 3930 691 4012 178.
714 3928 800 3991 haud
821 3927 932 4011 incipit
955 3934 1031 3990 ante
1050 3925 1115 4002 illa,
1132 3927 1263 4007 ἠγνόησε

213 4035 270 4112 γὰρ
294 4036 347 4093 τοῦ
368 4033 466 4111 ὄφεως
483 4031 515 4094 in
530 4031 583 4093 lin.
605 4051 652 4115 13·
676 4032 752 4094 dum
774 4030 883 4115 priora
901 4028 970 4092 haec
992 4030 1090 4091 verba
1111 4037 1262 4111 excerpto

213 4130 338 4194 cuidam
354 4131 570 4216 Ohrysostomi
588 4132 759 4195 adduntur.
805 4130 869 4193 Sed
888 4129 921 4193 in
940 4129 1004 4191 cod.
1022 4146 1092 4211 195.
1110 4149 1161 4191 res
1175 4136 1262 4191 recte

214 4253 248 4295 sa
262 4232 371 4295 habet.
405 4234 445 4295 Iu
459 4233 520 4296 hoc
535 4253 660 4315 quoque
671 4231 779 4295 codice
789 4230 902 4294 titulus
914 4230 1077 4292 Διονυσίου
1087 4226 1260 4306 Ἀλεξονόρ.

213 4332 361 4416 praefixus
386 4342 445 4411 est,
468 4334 524 4397 sed
549 4334 710 4397 Διονυσίου
734 4340 862 4396 tantum
889 4330 921 4393 in
946 4330 1026 4393 odite
1050 4326 1262 4414 edictaque

256 4458 327 4499 von.
344 4458 386 4499 rv.
694 4454 756 4520 gn
