3242 5150
278 410 330 473 ΙΝ
354 409 573 478 CANONES
596 407 844 472 ANCYRAN.
867 408 932 470 ΕΤ
956 408 1166 474 NEOCAES.
1203 411 1268 473 223

222 583 402 661 sicquidem
425 583 623 656 χειμαζομένους
646 583 677 640 in
702 582 781 642 dicto
804 584 924 644 Conone
948 583 1107 663 Dionysius
1131 583 1268 663 Exiguus

222 681 320 747 vertit,
337 682 394 748 Qui
412 681 516 760 spiritu
530 679 736 760 periclitantur
752 681 903 749 immundo,
918 691 949 741 et
965 681 1094 741 Isidorus
1108 683 1266 750 Mercator,

224 775 282 842 Qui
296 788 460 858 tempestate
469 783 635 859 jactantur,
655 781 704 858 qai
722 799 741 836 a
762 778 843 837 nabis
861 778 1054 858 Energnmeni
1072 780 1266 858 appellantur.

221 873 263 933 Et
277 896 315 935 ne
329 876 472 954 ejusmodi
486 877 541 934 riri
555 896 613 934 una
627 894 693 934 cnm
708 874 843 934 fidelibus
855 888 982 943 orarent,
994 897 1011 934 a
1025 877 1145 936 Canone
1160 874 1266 956 Apost.

224 989 270 1049 79.
285 985 403 1032 cautum
418 985 471 1040 est,
487 973 611 1040 dicente,
624 972 685 1028 'Edu
707 995 746 1030 τις
763 973 871 1045 δαίμονα
887 976 945 1045 έχῃ,
960 976 1080 1047 κληρυιῦς
1096 975 1131 1044 μὴ
1144 976 1267 1048 γινέσθω,

220 1070 290 1125 ἀλλὰ
302 1072 367 1142 μηδὲ
381 1074 436 1128 τοῖς
448 1074 554 1128 πιστοῖς
567 1071 744 1143 συντυχέσθω.
787 1070 863 1127 Cum
880 1071 970 1148 igitur
987 1072 1025 1130 iis
1043 1091 1182 1131 unacum
1196 1071 1268 1131 fide-

221 1165 298 1226 libus
311 1187 393 1226 orare
407 1187 465 1224 non
480 1167 649 1242 permissum
663 1179 717 1233 est,
732 1167 806 1226 alius
820 1167 857 1225 iis
869 1166 960 1233 locas,
975 1188 1124 1246 quoorare
1135 1182 1268 1249 possunt,

221 1265 251 1322 ia
274 1263 395 1323 ecclesia
416 1264 578 1342 assignetur
600 1284 716 1323 necesse
734 1275 788 1323 est.
831 1261 875 1321 At
892 1263 922 1320 in
945 1264 1066 1323 ecclesia
1087 1267 1205 1345 proprie
1226 1267 1269 1324 sic

221 1360 298 1420 dicta
322 1361 421 1421 fideles
443 1373 543 1420 orant:
577 1361 744 1420 daemoniaci
769 1362 869 1438 itaque
892 1358 997 1419 nullibi
1021 1372 1212 1439 preterquam
1236 1363 1267 1420 in

222 1457 373 1517 Narthece'
388 1459 542 1518 stationem
565 1460 670 1518 habere
693 1466 839 1538 poterant.
883 1458 919 1515 In
939 1457 1268 1528 Narthecesnten1‚nd

221 1574 339 1632 magnas
360 1555 477 1632 quidem
505 1567 603 1632 portas
625 1555 836 1620 catechumeni,
862 1554 899 1613 nd
922 1555 1074 1632 speciosas,
1100 1554 1137 1614 de
1161 1556 1268 1632 quibus

221 1669 331 1730 postea,
359 1655 511 1714 audientes
535 1655 660 1714 stabant.
704 1652 818 1711 Nullus
844 1652 935 1730 igitur
961 1651 1036 1709 alins
1060 1651 1091 1709 in
1119 1651 1268 1710 Narthece

221 1753 302 1812 locus
323 1755 513 1827 χειμαζομένοις
531 1753 591 1810 sire
613 1750 805 1816 demoniacis,
821 1761 924 1825 prater
944 1747 1073 1806 medium
1092 1749 1170 1807 inter
1189 1759 1267 1808 cate-

222 1849 379 1910 chumenos
392 1862 423 1910 et
445 1850 596 1908 audientes
611 1848 797 1926 relinquitur,
813 1847 863 1905 ubi
878 1847 977 1922 itaque
991 1849 1087 1902 στάσιν
1105 1852 1157 1903 τῶν
1174 1870 1267 1918 χειμα·

221 1949 332 2018 ζομένων
346 1947 377 2006 in
391 1946 603 2025 Ichnogrsphis
613 1945 680 2022 jure
693 1945 798 2004 merito
815 1942 975 2023 posuimus.
1017 1944 1060 2001 Et
1074 1943 1135 2002 hac
1147 1943 1267 2021 quidem

221 2054 320 2101 nostra
333 2042 370 2101 dc
381 2044 570 2116 χειμαζομένων
583 2043 644 2101 sive
659 2045 846 2117 ένεργουμένον
859 2042 890 2099 in
903 2041 934 2098 N
935 2041 1051 2100 artbece
1065 2042 1190 2101 statione
1201 2061 1265 2100 sen·

221 2139 314 2198 tentia
327 2139 433 2198 eximie
447 2139 643 2206 confirmatur,
659 2141 695 2198 ab
713 2151 816 2198 autore
834 2138 902 2196 libri
919 2136 1126 2196 Ecclesiastico
1145 2139 1267 2198 Hieras·-

221 2236 292 2295 oniae
315 2237 404 2308 dicti;
428 2239 594 2315 quicunque
615 2236 731 2295 demum
753 2234 801 2296 ille
822 2236 891 2294 fuit.
934 2235 1056 2293 Librum
1078 2235 1156 2293 enim
1177 2236 1267 2294 istum

221 2335 309 2412 hujus
323 2333 446 2393 Consilii
460 2334 649 2414 temporibus,
661 2333 708 2392 rel
721 2334 820 2392 statim
835 2344 936 2414 postea
947 2333 1059 2391 editum
1073 2332 1173 2401 fuisse,
1186 2354 1267 2411 aque

221 2442 332 2491 certum
347 2443 400 2499 est,
415 2453 448 2491 ac
465 2452 531 2491 eum
546 2453 563 2490 a
581 2431 724 2511 Dionysio
739 2432 918 2510 Areopagita
931 2430 979 2488 cui
997 2449 1056 2488 non
1070 2431 1168 2490 minus
1181 2431 1265 2501 falso,

220 2548 306 2607 quam
322 2529 410 2607 vulgo
432 2529 612 2596 attribuitur,
627 2548 686 2587 non
705 2527 901 2607 conscriptum
920 2547 998 2587 esse:
1021 2528 1052 2586 in
1071 2548 1106 2587 eo
1120 2531 1197 2588 enim
1210 2531 1268 2591 tria
1337 2576 1343 2587 .

221 2646 322 2684 eorum
342 2646 456 2705 genera,
480 2627 530 2703 qui
549 2626 586 2685 ad
608 2646 687 2685 sacra
705 2627 843 2705 mysteria
862 2625 1062 2705 participanda
1081 2646 1139 2685 non
1161 2628 1267 2687 admit-

221 2733 335 2793 tuntur,
349 2734 379 2781 ct
392 2723 424 2780 in
438 2723 539 2781 eodem
554 2723 672 2800 quidem
691 2734 834 2802 perpetuo
852 2721 963 2788 ordine,
978 2735 1174 2791 recenseatur,
1189 2736 1267 2785 cate-

221 2820 366 2891 chumeni,
381 2821 577 2898 energumeni,
592 2830 622 2879 et
643 2821 827 2897 poenitentes,
841 2823 902 2879 τοὺς
920 2823 949 2877 a
966 2826 1181 2895 ιατηχουμένους,
1195 2826 1265 2896 turp-

220 2919 360 2995 γινομένους
376 2942 405 2973 τε
423 2921 465 2974 καί
484 2919 545 2975 τοὺς
563 2921 591 2974 έν
610 2918 731 2991 μετανοίᾳ
753 2919 856 2977 durand
873 2922 920 2988 τῆς
933 2919 1008 2993 ἁγίας
1021 2920 1151 2994 ίερορχίαο
1170 2924 1268 2994 θεσμὸς

221 3018 312 3089 ἐφίησι
325 3018 373 3086 μέν
387 3016 528 3070 έπακοῦσοι
544 3018 590 3085 τῆς
608 3019 742 3089 peripteris
756 3017 909 3089 ίερολογίαα,
920 3020 962 3071 καί
975 3020 1021 3087 τῆς
1035 3019 1123 3074 tettan
1136 3024 1189 3074 τῶν
1201 3042 1266 3075 παν-

221 3114 295 3187 ιέρυν
314 3116 424 3187 γραφῶν
444 3114 621 3186 ἀναγνώσεως,
644 3115 681 3171 είς
701 3115 730 3169 δέ
750 3115 796 3171 τὰς
810 3117 869 3186 έξῆς
888 3116 1031 3188 ίερουργίας
1048 3118 1090 3172 καί
1111 3118 1217 3189 θεωρίας
1235 3119 1267 3173 οὗ

221 3215 387 3285 συγκαλτῖτοι
400 3208 517 3274 τούτους,
530 3210 601 3265 ἀλλὰ
614 3212 675 3269 τοὺς
694 3211 809 3269 τελείους
827 3216 879 3267 τῶν
895 3217 1087 3287 ταλασιουργῶν
1104 3215 1265 3287 ὀφθαλμούς.

224 3310 443 3369 Cateclramenos
474 3317 567 3367 antem
603 3318 628 3367 et
663 3330 873 3388 energumenos,
905 3314 1008 3390 quique
1037 3316 1066 3370 in
1101 3312 1266 3390 penitentia

220 3415 296 3474 sant,
326 3414 431 3465 sancte
461 3406 628 3465 lsierarcleie
656 3427 715 3465 moe
739 3408 855 3485 patitur
884 3407 996 3487 quidem
1023 3407 1127 3465 audire
1152 3429 1267 3468 sacram

218 3504 393 3584 psalmarum
418 3502 642 3569 modulationem,
669 3504 851 3583 divinamque
877 3524 1028 3562 sacrarum
1055 3504 1267 3582 scripturarum

221 3602 417 3669 recitationem,
444 3600 484 3659 ad
507 3620 593 3658 sacra
618 3609 711 3659 aretem
739 3621 919 3680 operaque
943 3602 1075 3677 deinceps
1098 3611 1265 3680 sequnntur,

220 3708 306 3778 atque
336 3697 469 3777 mysteria
500 3698 666 3775 spectanda,
701 3718 754 3757 non
786 3720 832 3757 ear
868 3705 1009 3766 conuocat,
1041 3697 1093 3755 set
1123 3697 1267 3776 perfectas

219 3794 313 3852 oculos
335 3814 429 3853 eoram
451 3795 501 3874 qai
524 3794 607 3872 digni
630 3803 706 3853 sunt.
740 3795 853 3855 Eccles.
870 3794 1024 3853 Hierarch.
1044 3815 1069 3852 ο.
1081 3813 1109 3869 3.
1127 3805 1158 3853 et
1179 3796 1267 3874 paulo

219 3900 287 3949 ante
300 3910 366 3949 cum
388 3888 509 3949 dixisset
529 3892 559 3949 in
583 3904 761 3952 sacramento
780 3892 958 3952 collectionis
976 3892 1037 3951 sire
1056 3893 1268 3952 communionis

220 4006 365 4046 sacrorum
386 3986 526 4046 librorum
547 3987 701 4048 lectionem
721 4010 739 4048 n
758 3989 899 4049 ministris
917 3990 1066 4048 recitatam
1087 4008 1159 4055 esse,
1174 3987 1266 4056 addit,

219 4088 260 4141 eal
279 4088 344 4156 perd
364 4085 459 4142 τοίτσς
478 4089 529 4158 ἔξω
548 4089 664 4159 γίνονται
684 4090 729 4157 τῆς
748 4090 817 4159 irpds
830 4091 953 4161 περιοχῆς
971 4091 997 4143 oi
1016 4086 1211 4159 κατηχούμενοι,
1226 4091 1268 4144 καί

219 4185 284 4254 πρὸς
296 4184 383 4240 αὐτοῖς
396 4185 421 4237 al
439 4183 626 4257 ένεργοίμςνοι,
642 4187 683 4240 καί
695 4187 721 4240 al
739 4189 766 4241 έν
778 4184 901 4256 μετανοίᾳ
917 4184 998 4241 ὄντες·
1019 4187 1128 4255 μένουσι
1141 4185 1170 4239 δέ
1183 4187 1208 4239 al
1220 4188 1267 4255 τῆς

219 4284 272 4335 τῶν
284 4280 359 4336 θείων
372 4280 486 4353 modias
506 4283 547 4335 καί
566 4284 696 4339 κοινωνίας
709 4282 786 4353 ι’ίξιοι.
830 4284 900 4339 Post
914 4301 975 4339 eam
991 4300 1073 4339 sacro
1091 4280 1197 4337 ambita
1212 4279 1264 4357 eji-

220 4376 335 4433 ciantur
358 4377 558 4441 catechumeni,
581 4386 606 4435 et
625 4386 688 4455 post
709 4397 755 4437 eas
776 4376 966 4455 energumeni,
990 4377 1056 4434 etii
1077 4375 1126 4454 qui
1146 4382 1212 4433 sunt
1234 4373 1265 4430 in
