3242 5150
341 406 393 468 1n
418 406 635 469 concuu
660 407 872 470 succes.
897 408 1128 470 oenones.
1196 409 1261 477 199
1348 379 1360 398 '

210 573 474 658 Praepositiouem
496 595 569 636 vero
591 576 625 637 έν
647 573 785 657 expunxi
805 573 868 637 fide
889 573 1259 652 nixussecMSbtcmn,

210 674 406 760 Joennisque
434 675 624 738 Antiocheni
652 697 722 737 cum
748 673 826 738 editi
851 683 920 739 tum
944 676 1063 760 νονὺρίί,
1089 683 1159 740 tum
1184 698 1259 740 vero

209 779 321 842 codicis
334 776 479 860 superius
493 776 660 839 memorati
675 793 771 860 5771.
807 778 902 840 Nunc
917 777 1043 840 firmare
1058 777 1259 842 omissionem

209 879 376 944 Pedalium
391 878 463 942 vidi.

254 984 291 1046 P.
305 983 374 1060 184.
388 981 408 1043 l.
419 1001 450 1061 9.
466 983 519 1043 τοὺ
531 978 689 1062 ὑπηρέτου]
698 978 898 1053 Subdicconi,
911 988 948 1044 ut
962 980 1086 1045 monuit
1102 982 1258 1067 Anglicus

208 1083 365 1168 interpres
380 1081 574 1157 Johnsonus,
591 1080 727 1144 testibus
746 1080 856 1144 citetis
876 1081 1006 1145 Omecilii
1020 1083 1190 1148 coemi
1207 1107 1258 1148 cs·

208 1185 343 1249 sonibus
359 1183 441 1248 XX.
461 1191 495 1247 et
511 1183 617 1245 XXI.
633 1193 667 1246 et
686 1182 900 1265 sequentibus.
946 1183 1000 1246 Ad
1023 1205 1136 1247 conon.
1157 1186 1257 1270 ejusd.

212 1287 322 1351 Ocncil.
337 1285 457 1348 XXII.
481 1284 527 1348 cit
550 1284 714 1347 Zonaras:
738 1291 811 1349 Τοῖς
833 1289 907 1365 γοῦν
928 1284 1095 1365 ὑπηρέταις,
1110 1287 1175 1364 ἤτοι
1196 1295 1258 1355 τοῖς

208 1389 422 1459 ὑποδιακόνοις,
438 1387 491 1448 οὐκ
508 1384 626 1465 ἐφεῖται
648 1390 754 1465 φορεῖν
776 1385 912 1465 ὧρὺριον·
939 1389 1024 1447 τοῦτο
1041 1388 1101 1466 γὰρ
1120 1393 1179 1449 τῶν
1196 1392 1258 1450 διο·

209 1491 303 1552 κόνων
318 1487 392 1551 ἐστέ.
432 1489 514 1550 Haec
532 1487 655 1551 intereo
674 1485 874 1550 Bulsemouis
895 1493 1009 1550 extent
1030 1488 1072 1550 ud
1095 1487 1256 1553 (iunonem

208 1590 291 1653 huno
308 1589 697 1654 Neoeaesarieusium-eic
716 1588 861 1668 ὑπηρέτου
879 1591 911 1652 δὲ
931 1589 1014 1667 τάξιν
1035 1592 1256 1671 καταβιβασθή-

208 1717 323 1765 σονται,
333 1691 398 1770 ἤτοι
413 1690 640 1773 ἆχειροτονήτου
649 1688 870 1769 ὑποδιακόνονῆ
883 1692 1085 1772 ἀναγνώστου.
1110 1692 1172 1755 Sed
1182 1716 1257 1757 vero

207 1793 292 1856 inter
300 1793 366 1858 τοὺς
374 1790 852 1874 ὑχειροτονήτουςςυίιὺἰοοουυιυ
862 1792 946 1855 houd
959 1806 1100 1857 recenset
1108 1796 1255 1860 Censtitu-

206 1895 321 1958 tionum
331 1892 461 1977 Apostol.
486 1895 612 1957 Auctor
626 1892 678 1956 lib.
690 1893 753 1957 viii.
769 1902 966 1978 capp.21.et
981 1913 1029 1957 22.
1054 1896 1108 1979 qui
1134 1897 1255 1976 scribit,

206 1994 402 2060 ὑποδιὺκονον
423 1991 651 2076 χειροτονῶν,ὦ
674 1997 828 2067 ἐπίσκοπε,
851 1995 1001 2074 ἐπιθήσεις
1023 1995 1069 2060 ὑπ’
1090 1998 1180 2062 αὑτοῦ
1202 2001 1255 2066 τὰς

206 2102 315 2180 χεῖρας,
332 2119 369 2162 ee
385 2097 425 2160 de
440 2096 558 2159 lectore
573 2095 726 2159 similiter.
757 2095 861 2180 Super
875 2097 1049 2162 exorcistas
1060 2120 1145 2174 vero,
1160 2099 1251 2163 alios·

208 2221 269 2284 que
303 2199 479 2273 nonnullos,
511 2199 645 2262 vetitum
672 2207 721 2262 est
747 2199 814 2261 fieri
842 2220 991 2262 manuum
1020 2199 1253 2284 impositionem

206 2302 238 2365 in
261 2301 322 2366 iilis
345 2301 591 2364 Ociutitutiouum
614 2300 782 2385 capitibus,
806 2322 877 2385 quae
900 2301 1043 2385 proxime
1068 2311 1253 2386 sequuntur.

209 2401 263 2467 Itu
276 2401 403 2466 interim
418 2400 591 2484 loquuntur
610 2401 642 2464 hi
663 2409 771 2485 putres
792 2401 1063 2465 Neocaeserieuses
1077 2401 1110 2465 in
1125 2402 1254 2466 Oenone

207 2527 263 2568 suo
280 2505 380 2568 VIII·
396 2512 433 2568 ut
456 2504 522 2567 sere
542 2511 635 2589 putes
650 2525 768 2577 omnes
789 2504 832 2567 ed
851 2525 1070 2589 quamcunque
1090 2506 1253 2585 ὑπηρεσίαν

206 2606 449 2671 ecclesiasticum
486 2606 686 2682 accesserint,
719 2606 806 2689 prius
838 2603 1100 2687 χειροτονηθέντας
1133 2603 1250 2677 fuisse,-

206 2708 289 2789 quod
306 2714 413 2771 tomen
430 2708 494 2771 fieri
511 2708 596 2771 houd
609 2715 794 2771 consuetum
806 2728 885 2781 esse,
895 2726 965 2768 cum
981 2704 1072 2769 multi
1083 2704 1135 2769 elii
1148 2712 1253 2770 osten-

205 2810 296 2886 dunt,
312 2819 380 2873 tum
395 2832 469 2873 vero
484 2808 517 2875 S.
530 2808 666 2873 Basilius
682 2808 730 2872 M.
746 2808 777 2871 io
795 2809 915 2872 Oenone
930 2808 992 2872 LI.

607 3018 760 3083 OANON
786 3020 853 3081 XI.

250 3130 333 3193 Ibid.
349 3128 370 3193 I.
387 3148 435 3208 14.
452 3130 618 3211 ἐφωτίσθη]
635 3126 835 3207 Ἐβοττίσθη,
851 3128 935 3212 quod
958 3126 1148 3213 Beveregius
1166 3150 1252 3193 nece·

203 3230 262 3316 pit,
278 3251 337 3315 ego
352 3229 454 3295 iuveni
470 3229 502 3291 in
517 3238 647 3313 qceotuor
660 3228 744 3291 codd.
760 3228 949 3305 Bodleimsis
965 3229 1075 3293 itidem
1087 3228 1119 3291 in
1131 3250 1251 3293 esnone

206 3332 302 3394 XIV.
320 3330 451 3395 Οντινὶὑὺὑ
470 3329 626 3405 inultam,
644 3328 696 3391 ubi
712 3339 821 3413 potres
835 3329 879 3392 illi
894 3330 1053 3394 Cononem
1069 3328 1153 3392 hunc
1169 3329 1250 3393 Neo·

204 3431 421 3495 ecemsiensem
435 3429 648 3505 adduxeruut,
664 3428 887 3492 exhibentibus
902 3450 1027 3511 quoque
1041 3426 1118 3490 illud
1133 3427 1251 3510 Syllope

212 3532 325 3596 Veneta
339 3532 540 3616 Pedalieque.
575 3529 657 3594 Cum
669 3552 743 3592 vero
758 3541 818 3594 tres
831 3530 947 3593 codices
960 3532 1119 3594 Cononem
1129 3530 1248 3613 empti,

203 3633 294 3697 simul
314 3644 412 3717 etque
426 3633 511 3697 edite
532 3632 668 3695 Concilio
691 3639 724 3695 et
747 3633 889 3707 Oenones,
905 3634 1110 3713 Jonnnesque
1132 3630 1248 3694 Antio·

203 3735 321 3800 ebenus
342 3735 375 3797 in
399 3736 555 3799 Uononem
575 3735 700 3817 Dipestc
721 3734 855 3796 eiterom
871 3732 1060 3815 scripturum
1083 3739 1248 3815 prostent,

203 3838 376 3920 sedemque
390 3843 480 3900 extet
500 3836 532 3899 in
552 3856 672 3899 canone
687 3834 830 3919 proxime
849 3840 1011 3917 sequente,
1028 3832 1194 3896 retinendo
1210 3854 1249 3896 ec

203 3938 338 4011 videtur,
366 3959 467 4022 neque
491 3958 561 4001 oum
589 3944 717 4022 petrum
740 3935 963 3999 Trulbmorum
989 3934 1135 4011 lectione,
1159 3936 1251 4018 cujus

202 4040 287 4103 haud
313 4041 448 4103 obscuro
478 4061 573 4103 ocuse
603 4046 663 4114 est,
689 4038 923 4101 commutanda.
971 4037 1083 4101 Habet
1111 4061 1246 4117 τριακον-

203 4140 305 4219 τοέτης
321 4143 504 4220 έβοπτίσοτο
518 4140 582 4204 cod.
597 4141 666 4223 158.

247 4244 284 4305 P.
307 4246 373 4327 ¹85.
405 4243 424 4307 I.
443 4262 471 4308 2.
495 4241 661 4327 διδάσκειν]
692 4241 854 4305 Zonaras:
885 4243 1000 4302 Τοῦτον
1020 4240 1075 4302 τὸν
1097 4239 1247 4315 ςιινὺνοὴ

203 4342 270 4421 έκτη
285 4346 409 4411 σύνοδος
423 4348 514 4411 οὑτως
530 4346 639 4421 τίθησι,
655 4344 702 4405 καὶ
718 4341 847 4423 ἐξηγήθη
861 4340 925 4404 ἐκεῖ
938 4338 984 4403 ιδ’.
999 4342 1050 4403 ὤν.
1085 4339 1247 4403 Cononem
