3242 5150
385 399 451 462 248
472 399 651 463 ANNOT.
669 399 721 462 IN
745 399 931 464 CONCIL.
956 400 1152 464 CONTRA
1175 401 1394 464 NOETUM.

384 589 455 650 cap.
480 568 599 651 penult.
640 567 757 634 Confer
781 575 816 633 et
839 567 1016 632 Firmiliani
1040 570 1084 633 ad
1107 569 1140 633 S.
1156 569 1350 655 Cyprianum
1372 570 1438 654 epi-

384 668 512 742 stolam,
526 689 596 752 sap.
609 669 640 732 6.
684 668 908 753 Oonjsoturem
928 667 1007 733 feeit
1027 668 1066 732 el.
1079 669 1277 732 Mosbemius
1294 668 1327 732 in
1340 691 1438 753 opere

383 771 477 834 modo
497 771 597 834 allato
611 793 684 856 pag.
695 772 769 856 683.
785 771 924 836 oeruisso
943 778 1012 834 tum
1033 771 1153 845 urbem,
1172 769 1206 834 in
1228 793 1292 855 qua
1313 771 1437 835 Noetus

384 872 522 948 vivebat,
549 872 706 957 episcopo.
751 873 815 938 Sed
837 880 871 938 et
892 879 1001 959 potest
1020 873 1100 948 lieri,
1115 880 1152 938 ut
1175 880 1244 938 tam
1268 874 1435 958 episeopis,

383 997 480 1060 quam
510 975 716 1061 presbyteris,
750 976 932 1040 eonstiterit
965 975 1026 1039 hoo
1055 973 1301 1059 presbyterium
1340 976 1433 1060 quale

384 1078 495 1142 Romae
510 1099 544 1142 se
559 1077 756 1142 eontraxisse
770 1077 818 1142 ait
832 1076 920 1141 urbis
934 1077 1101 1162 episeopus
1112 1077 1274 1142 Cornelius
1287 1077 1318 1140 in
1330 1079 1432 1162 spiri.

382 1179 428 1243 od
437 1179 640 1264 Cypriaaum,
652 1179 800 1263 quodque
810 1202 849 1242 eo
861 1179 988 1244 nomine
996 1179 1145 1263 appellat.
1161 1179 1223 1244 vid.
1232 1181 1294 1264 Ep.
1304 1180 1377 1243 xlvi.
1389 1181 1431 1244 u.

381 1303 433 1365 49.
479 1281 565 1345 Noto
580 1282 693 1354 obiter,
711 1302 875 1365 nusquam,
891 1281 977 1364 quod
991 1280 1100 1354 seium,
1116 1287 1239 1345 veteres
1253 1289 1362 1365 patres
1382 1281 1433 1346 bis

382 1381 493 1467 primis
514 1380 654 1445 seolssiae
676 1380 798 1444 saeeulis
820 1380 950 1444 mundi
965 1379 1085 1444 ordinis
1104 1383 1286 1446 saoerdotes
1305 1382 1432 1447 nomine

381 1483 601 1568 episcoporum
616 1480 801 1565 appellasse,
817 1479 878 1544 nisi
892 1480 1027 1544 forsitan
1042 1482 1076 1545 id
1090 1483 1200 1547 feeerit
1215 1483 1249 1548 S.
1266 1483 1352 1547 Pauli
1369 1484 1431 1546 dia

381 1585 503 1671 sipulus
522 1582 669 1647 Clemens
689 1585 857 1648 Romanus
875 1583 908 1646 in
923 1585 1022 1668 apio.
1042 1585 1088 1650 ad
1101 1585 1280 1661 Corinthios,
1295 1605 1427 1669 sapae.

381 1689 435 1754 ubi
457 1687 739 1753 aoeommodantur
761 1687 858 1751 verba
877 1688 920 1751 ad
941 1687 1045 1750 looum
1065 1708 1105 1750 ex
1126 1688 1199 1752 Vet.
1224 1687 1431 1752 Testamenta

380 1791 523 1856 allatum.
565 1789 716 1872 Superius
744 1797 863 1864 autem
893 1788 926 1852 in
952 1809 1022 1872 oap.
1036 1807 1088 1867 40.
1118 1796 1230 1853 notum
1258 1796 1320 1863 est,
1347 1789 1429 1852 huno

379 1899 526 1958 sanetum
549 1891 729 1975 episcopum
747 1898 814 1953 tres
836 1888 962 1952 ordines
983 1887 1176 1954 chrisuanae
1196 1889 1336 1956 eoelesiae
1358 1911 1429 1952 curu

380 1994 492 2078 politia
506 1994 528 2056 J
531 1993 645 2056 udeioa
663 1992 852 2064 eontulisse;
881 1991 965 2076 quod
980 1991 1102 2055 illustre
1121 1990 1347 2074 antiquissimas
1367 1989 1428 2052 dis-

379 2095 502 2180 oiplinae
526 2096 751 2158 documentum
771 2100 830 2158 est.
876 2093 995 2158 Itidem
1018 2093 1087 2156 luae
1110 2092 1174 2156 duo
1196 2092 1369 2156 Judaioum
1392 2099 1427 2156 st

379 2196 593 2262 Christianum
610 2195 824 2260 sacerdotium
839 2194 933 2258 simul
948 2194 1146 2279 oomparavit
1167 2193 1382 2277 Hieronymus
1396 2194 1427 2256 in

379 2297 517 2382 maroa
533 2297 578 2362 ud
591 2299 796 2382 Nepotianum
809 2307 837 2360 a
850 2296 1050 2382 anuyelam.

424 2400 461 2464 P.
476 2419 548 2484 243.
569 2399 590 2463 l.
610 2421 658 2486 13.
682 2397 829 2484 παθόντα]
850 2399 930 2479 Quae
949 2406 1126 2483 sequuntur
1144 2404 1220 2462 sunt
1242 2395 1312 2480 ipsu
1331 2397 1427 2460 verba

379 2502 529 2588 Symboli‚
543 2503 635 2588 quale
647 2508 738 2567 extat
749 2501 835 2587 apud
848 2502 1006 2564 Irenaeum
1019 2499 1071 2563 lib.
1083 2500 1103 2564 i.
1114 2523 1183 2585 cap.
1197 2518 1226 2563 a.
1241 2521 1306 2584 seq.
1319 2497 1373 2562 lib.
1382 2498 1425 2561 iii.

378 2629 448 2692 oap.
459 2633 490 2688 4.
537 2606 767 2672 Tertullianum
782 2604 904 2669 Contra
922 2605 1081 2669 Praxeam
1097 2625 1166 2688 sap.
1178 2622 1206 2667 a.
1224 2610 1258 2668 et
1273 2602 1323 2666 De
1340 2605 1426 2667 Prae-

377 2710 487 2794 soript.
503 2732 530 2774 o.
547 2730 554 2773 r
562 2729 593 2793 3.
609 2716 642 2772 et
658 2709 710 2773 De
726 2705 908 2791 Virginibus
924 2705 1075 2771 Velandis
1089 2729 1120 2768 o,
1133 2726 1156 2768 r.
1174 2707 1230 2768 dre.
1247 2706 1424 2776 Fannrcrus,

376 2814 418 2877 ad
435 2812 658 2897 Hippolytum.
1115 2853 1119 2858 -

421 2913 506 2977 lbid.
522 2914 542 2975 l.
559 2931 607 2994 17.
624 2911 832 2993 ἐπιστάμεθα]
846 2909 1211 2985 AuotorProedarliuati‚
1227 2916 1263 2974 ut
1274 2915 1369 2973 notat
1382 2910 1424 2972 sd

377 3014 590 3099 Hippolytum
602 3014 778 3086 Fabrieius,
788 3012 927 3076 Noetum
941 3013 1128 3077 damnatum
1137 3034 1158 3076 a
1167 3009 1351 3094 Tranquillo
1361 3010 1424 3094 epi·

375 3138 471 3201 scopo
481 3115 763 3181 Ohalosdoniorum
776 3115 876 3199 syria
888 3114 1008 3189 scribit,
1021 3137 1090 3199 cap.
1100 3117 1154 3199 36.
1181 3114 1243 3177 Sed
1255 3112 1424 3177 sublestior

374 3220 453 3285 fides
479 3227 529 3285 est
551 3218 645 3305 hujus
669 3216 843 3302 scriptoris,
870 3216 923 3301 qui
951 3217 991 3281 de
1014 3218 1165 3301 dogmate
1187 3223 1295 3280 nmen
1324 3214 1423 3280 Nosti

375 3323 443 3386 haeo
464 3320 542 3385 satis
564 3328 640 3405 apte
661 3320 787 3405 posuit3
812 3319 959 3396 Hermaia,
982 3319 1096 3404 inquit,
1118 3317 1270 3383 trieerima
1291 3327 1319 3381 et
1340 3327 1424 3381 wala

373 3424 594 3487 Noaioaoruaa
622 3432 673 3499 est,
699 3422 753 3507 qai
778 3422 884 3485 diam
911 3419 1064 3484 Christum
1092 3418 1219 3485 aaadom
1247 3441 1305 3483 asso
1333 3427 1423 3504 atque

373 3528 502 3591 Putrem
518 3535 547 3591 et
561 3525 713 3610 Spiritum
729 3526 887 3598 donatura,
901 3543 1029 3607 uesper
1042 3520 1252 3597 animatior,
1265 3521 1342 3587 aeut
1359 3544 1420 3596 aas,

370 3625 424 3690 ssd
436 3648 496 3710 par
511 3646 682 3710 pareatum,
697 3633 731 3687 ul
748 3623 889 3708 palatim
905 3621 1029 3685 disum
1051 3621 1344 3705 spirituatem,
1362 3640 1422 3681 aaa

372 3729 529 3793 osraoiter.
576 3729 649 3791 Hoo
670 3725 817 3789 nimirum
839 3731 1003 3809 negantes,
1025 3722 1179 3807 Spiritum
1200 3723 1233 3785 S.
1249 3721 1420 3785 subsisten-

374 3828 452 3893 tiam
463 3828 580 3893 habere
596 3829 766 3913 propriam.
800 3828 915 3911 Itaque
926 3826 1036 3891 soribit
1051 3825 1126 3890 alibi
1137 3823 1345 3909 Epiphanius,
1360 3826 1421 3887 vlo-

372 3931 485 4010 rrdropa
500 3931 552 3993 τὸν
568 3930 700 4011 Χριστὸν
716 3932 831 4009 ἐδίδαξε
844 3930 1004 4010 (Noetus)·
1028 3929 1081 3991 τὸν
1097 3927 1187 3992 αὐτὸν
1203 3926 1280 3989 εἶναι
1295 3925 1418 4006 πατέρα,

373 4034 421 4099 καὶ
435 4032 509 4107 υἱὸν,
528 4036 574 4095 καὶ
590 4032 676 4112 ἅγιον
690 4037 814 4111 πνεῦμα.
841 4030 1025 4115 Amasi.
1041 4052 1072 4114 p.
1091 4048 1159 4112 145.
