3242 5150
366 407 409 470 38
660 405 910 481 RELIQUIAE
937 405 1117 468 SAcnAE.

370 574 496 674 μένους
526 577 586 653 καὶ
616 576 861 673 ἐκπίπτοντας,
891 580 934 655 δι’
967 574 1028 659 οὓς
1065 571 1423 677 ὑπερθερμωνάμενοι

367 707 502 787 ἔσωθεν
517 711 575 788 καὶ
592 709 818 812 ένηχούμενοι
835 714 1137 810 καταπολεμῆσαι
1154 706 1218 790 τὸν
1236 708 1421 812 ὑπεροψό-

366 875 473 940 μενον
491 846 549 922 καὶ
566 843 810 943 ἀντικείμενον,
829 844 1004 924 ἔσπευδον
1022 850 1071 928 είς
1088 851 1205 940 τοῦτο,
1224 843 1283 923 'iva
1300 843 1351 942 μὴ
1363 846 1421 922 καὶ

367 979 455 1082 δοκῇ
465 979 548 1080 παρ’
561 979 674 1086 ἑαυτῷ
684 975 857 1084 φρόνιμος
867 975 954 1058 εἶναι
964 981 1022 1084 ἐφ’
1035 976 1087 1062 οἷς
1097 975 1189 1057 κατὰ
1198 978 1421 1080 πανουργίαν

368 1111 489 1216 ἔδοξεν
506 1112 628 1218 ήπᾷν
658 1117 688 1191 εί
707 1114 765 1190 καὶ
782 1111 977 1192 ἐλάνθανεν
995 1110 1121 1193 ἑαυτὸν
1139 1111 1332 1210 νικώμενον
1350 1109 1447 1201 cirris

367 1245 439 1317 τῶν
455 1237 759 1342 ἐγκαρτερούντων
777 1236 843 1323 τὰς
861 1246 934 1319 τῶν
952 1238 1146 1345 ξυοπήρων
1158 1241 1217 1319 καὶ
1230 1240 1421 1341 μαστίγων

366 1368 562 1464 βασάνους,
590 1369 657 1469 τήν
684 1405 721 1451 τε
754 1370 913 1479 ὀξύτητα
943 1377 1008 1472 τῆς
1040 1372 1230 1476 μαχαίρας,
1262 1373 1321 1450 καὶ
1355 1370 1420 1455 τὰς

368 1504 605 1613 καταφλέξας
621 1514 685 1585 τοῦ
703 1506 827 1610 πυρὸς,
847 1510 906 1588 καὶ
924 1506 989 1591 τὰς
1002 1514 1075 1587 τῶν
1089 1504 1228 1586 ὑδάτων
1241 1539 1419 1587 καταπον-

367 1639 508 1724 reticete.
568 1657 718 1729 (Fortasse
739 1659 818 1718 haud
838 1669 909 1720 ente
929 1661 1017 1721 verbe
1033 1680 1099 1737 quoe
1119 1670 1293 1738 sequnntur,
1316 1659 1419 1718 Canon

367 1773 471 1854 incipit
486 1777 679 1853 undecimus.)
1431 1803 1469 1844 ιο

426 1883 498 1958 Καὶ
515 1889 588 1967 τοῖς
614 1881 705 1962 κατὰ
726 1885 851 1963 πίστιν
877 1885 1156 1991 ὑπεξουσιοῦσιν
1186 1887 1259 1985 (for.
1288 1885 1416 1992 ἐπαξι-

369 2020 487 2121 οῦσιν)
509 2014 615 2120 εὐχὰς
636 2019 695 2095 καὶ
721 2017 859 2117 δεήσεις
884 2020 1048 2120 γίνεσθαι
1074 2020 1152 2120 ἤτοι
1175 2018 1263 2125 ὑπὲρ
1284 2028 1356 2102 τῶν
1380 2022 1419 2101 ἐν

369 2153 516 2254 φυλακῇ
552 2153 912 2254 κατατιμωρηθέντων
949 2157 1007 2233 καὶ
1042 2155 1306 2258 προδιδομένων
1346 2153 1416 2236 inni

368 2290 475 2382 λιμοῦ
492 2286 551 2363 καὶ
569 2284 708 2390 δίψους,
727 2284 805 2384 ἤτοι
824 2285 911 2391 ὑπὲρ
929 2294 1002 2368 τῶν
1020 2288 1152 2394 ἔξωθεν
1169 2294 1234 2388 τῆς
1252 2293 1419 2396 φυλακῆς

368 2419 426 2498 ἐπὶ
438 2426 502 2497 τοῦ
515 2419 743 2522 δικαστηρίου
757 2423 1146 2515 καταβασανισθείιτων
1156 2422 1215 2503 διὰ
1226 2423 1418 2529 ξυστηρων
1429 2463 1467 2521 15

368 2555 426 2634 καὶ
443 2556 643 2658 μαστίγων,
662 2557 814 2660 ὕστερον
832 2553 871 2635 δὲ
889 2555 1110 2657 ἡττηθέντων
1129 2555 1198 2638 ὑπὸ
1217 2562 1281 2659 τῆς
1303 2561 1415 2639 ἀσθε·

368 2692 460 2774 νείας
472 2696 536 2790 τῆς
554 2692 699 2797 σαρκὸς,
718 2691 821 2799 ἁξιάν
840 2694 940 2772 έστιν
958 2695 1151 2773 ἐπινεῦσαι.
1182 2693 1416 2798 συμπάσχειν

368 2821 440 2925 γὰρ
459 2827 517 2903 καὶ
532 2832 730 2926 συναλγεῖν
747 2833 822 2909 τοῖς
848 2825 1072 2929 ὀδυρομένοις
1096 2830 1156 2905 καὶ
1182 2825 1416 2930 στενάζουσιν

368 2953 456 3059 ὑπὲρ
474 2963 547 3036 τῶν
563 2958 601 3036 έν
626 2964 677 3064 τῷ
692 2960 811 3059 αἰγῶυι
838 2959 1060 3059 ἡττηθέντων
1088 2959 1157 3040 ὑπὸ
1182 2964 1246 3060 τῆς
1272 2964 1417 3059 πολλῆς

367 3092 450 3187 βίας
467 3100 531 3171 τοῦ
550 3091 799 3197 κακομηχάνου
819 3091 1002 3191 διαβόλου,
1020 3095 1098 3195 ἤτοι
1121 3092 1208 3198 ιἰπέρ
1233 3092 1366 3196 γονέων
1391 3090 1465 3192 ipro

368 3228 447 3306 ipsos
462 3228 498 3286 ud
512 3228 567 3287 hoc
581 3228 775 3296 tradiderunt,
785 3248 865 3307 mag·
916 3228 1017 3288 fideles
1027 3240 1173 3307 retegunt,
1183 3248 1282 3305 preces
1292 3240 1322 3288 et
1331 3228 1413 3287 obse·

368 3328 406 3366 nc
420 3308 465 3367 usi
480 3308 614 3367 libertate
628 3331 637 3379 ς
659 3310 783 3368 maxime
798 3328 865 3367 cum
916 3309 1060 3368 crationes
1073 3310 1145 3376 fieri,
1161 3310 1219 3367 rive
1237 3329 1289 3388 pro
1306 3308 1342 3366 iis
1362 3309 1413 3385 qui

368 3387 501 3447 viderent
520 3410 570 3447 eos
590 3390 642 3466 qui
663 3388 866 3465 deciperentur
916 3389 947 3447 in
971 3388 1103 3448 custodia
1124 3389 1199 3447 male
1219 3388 1310 3446 habiti
1333 3398 1412 3455 snut,

368 3479 398 3527 et
413 3468 566 3527 cederent:
589 3479 708 3547 propter
722 3488 795 3545 quor
808 3468 866 3547 ipsi
916 3479 947 3527 et
961 3488 978 3526 a
992 3469 1068 3526 fame
1089 3480 1119 3527 et
1141 3468 1190 3526 riti
1212 3467 1340 3546 proditi3
1366 3466 1414 3524 vel

367 3549 514 3607 ferventes
534 3549 717 3615 intrinsecus,
732 3559 762 3607 et
782 3548 865 3626 quasi
916 3568 969 3626 pro
979 3549 1016 3607 iic
1027 3549 1077 3625 qui
1087 3546 1338 3607 extrecustcdicm
1348 3565 1413 3605 scu.
1425 3562 1461 3621 25

368 3628 487 3687 excitati
510 3629 629 3687 classico
653 3628 690 3686 ed
717 3628 865 3686 debellan-
916 3627 982 3687 ticis
995 3640 1026 3687 et
1040 3629 1161 3707 flagellis
1175 3629 1204 3685 in
1216 3626 1328 3704 judicio
1342 3627 1413 3684 torti

369 3707 438 3765 dum
463 3709 677 3787 superbientem
706 3707 865 3766 adversari·
916 3706 1345 3787 cunt,p0steaautemccernic
1358 3706 1412 3763 im-

368 3808 428 3853 um,
443 3787 480 3846 cd
494 3788 524 3846 id
538 3787 761 3854 contendebnnt‚
773 3808 811 3846 ne
826 3787 864 3845 si·
915 3788 1073 3848 becillitnte
1113 3788 1184 3846 vieti
1224 3787 1324 3852 fnere;
1368 3786 1413 3844 his

368 3868 397 3925 bi
422 3868 550 3945 prudens
575 3888 637 3926 eece
660 3867 809 3926 rideretur
834 3868 864 3925 in
915 3886 1030 3944 aequum
1045 3880 1090 3927 est
1104 3888 1241 3927 annuere.
1277 3866 1413 3943 Compati

368 3947 423 4016 his,
439 3949 468 4006 in
488 3948 594 4025 quibus
612 3946 771 4006 calliditate
789 3946 863 4006 iufe-
915 3948 993 4005 enim
1014 3958 1045 4006 et
1067 3946 1221 4007 condolere
1242 3945 1412 4022 lugentibus
1422 3964 1461 4021 30

368 4029 427 4086 rior
461 4028 536 4087 fuit:
577 4026 718 4104 siquidem
752 4026 865 4104 ignorat
915 4047 948 4085 ac
962 4029 1162 4092 moerentibus,
1176 4046 1230 4103 pro
1246 4027 1291 4084 his
1311 4025 1360 4102 qui
1380 4025 1412 4083 in

368 4109 476 4166 victum
489 4128 519 4167 se
534 4108 570 4165 ub
583 4107 619 4165 iis
627 4106 678 4183 qui
687 4106 803 4164 sortiter
815 4118 863 4165 tu-
915 4108 1073 4166 certamine
1106 4106 1174 4166 victi
1203 4116 1273 4165 sunt
1300 4105 1412 4181 mugnis

368 4188 466 4247 lerunt
482 4187 655 4246 scuticarum
672 4186 866 4263 flagellorum·
915 4187 1034 4265 maligni
1049 4187 1188 4246 demonis
1202 4186 1332 4243 viribus:
1357 4185 1412 4242 hoc

367 4287 424 4347 qne
439 4277 593 4333 tormenta,
609 4277 639 4325 et
653 4265 741 4343 gladii
762 4266 864 4333 aciem,
915 4277 970 4333 est,
986 4286 1038 4345 pro
1052 4267 1231 4346 parentibus,
1246 4263 1292 4323 vel
1313 4264 1411 4322 fratri·

367 4360 398 4407 et
411 4348 487 4426 ignis
501 4345 719 4413 ustulationem,
734 4356 764 4403 et
778 4365 865 4423 aque·
914 4349 978 4413 bus,
1013 4347 1157 4413 liberisue,
1186 4344 1294 4403 nemini
1326 4342 1410 4421 quid·
1421 4364 1458 4421 35

368 4448 431 4485 rum
455 4426 662 4487 immersiones.
706 4426 766 4497 Qui
796 4446 864 4483 vero
914 4447 1000 4504 qnam
1015 4436 1110 4487 nocet.
1146 4425 1262 4484 Scimus
1275 4424 1352 4482 enirn
1368 4434 1411 4481 et.
