<?xml version="1.0" encoding="UTF-8"?>
<!DOCTYPE html PUBLIC "-//W3C//DTD XHTML 1.0 Transitional//EN"
    "http://www.w3.org/TR/xhtml1/DTD/xhtml1-transitional.dtd">
<html xmlns="http://www.w3.org/1999/xhtml" xml:lang="en" lang="en">
 <head>
  <title>
</title>
<meta http-equiv="Content-Type" content="text/html;charset=utf-8" />
  <meta name='ocr-system' content='tesseract 3.04.00' />
  <meta name='ocr-capabilities' content='ocr_page ocr_carea ocr_par ocr_line ocrx_word'/>
</head>
<body>
  <div class='ocr_page' id='page_1' title='image "./reliquiaesacrae12routgoog_0216.png"; bbox 0 0 3242 5150; ppageno 0'>
   <div class='ocr_carea' id='block_1_1' title="bbox 376 405 1083 481">
    <p class='ocr_par' dir='ltr' id='par_1_1' title="bbox 376 405 1083 481">
     <span class='ocr_line' id='line_1_1' title="bbox 376 405 1083 481; baseline 0.001 -2"><span class='ocrx_word' id='word_1_1' title='bbox 376 405 442 480; x_wconf 75' lang='lat'>2³06</span> <span class='ocrx_word' id='word_1_2' title='bbox 710 415 1083 481; x_wconf 80' lang='lat' dir='ltr'>ANNOTATIONES</span> 
     </span>
    </p>
   </div>
   <div class='ocr_carea' id='block_1_2' title="bbox 311 583 1435 4238">
    <p class='ocr_par' dir='ltr' id='par_1_2' title="bbox 374 583 1435 2504">
     <span class='ocr_line' id='line_1_2' title="bbox 380 583 1434 670; baseline -0.001 -21"><span class='ocrx_word' id='word_1_3' title='bbox 380 585 523 649; x_wconf 86' lang='lat' dir='ltr'>Manetis</span> <span class='ocrx_word' id='word_1_4' title='bbox 549 585 784 670; x_wconf 86' lang='lat' dir='ltr'>Disputationc,</span> <span class='ocrx_word' id='word_1_5' title='bbox 808 607 881 649; x_wconf 92' lang='lat' dir='ltr'>cum</span> <span class='ocrx_word' id='word_1_6' title='bbox 905 586 1020 650; x_wconf 86' lang='lat' dir='ltr'>Manes</span> <span class='ocrx_word' id='word_1_7' title='bbox 1042 583 1168 670; x_wconf 77' lang='lat' dir='ltr'>hrgiens</span> <span class='ocrx_word' id='word_1_8' title='bbox 1187 584 1370 650; x_wconf 84' lang='lat' dir='ltr'>advenisset</span> <span class='ocrx_word' id='word_1_9' title='bbox 1391 584 1434 650; x_wconf 77' lang='lat' dir='ltr'>ad</span> 
     </span>
     <span class='ocr_line' id='line_1_3' title="bbox 378 687 1433 773; baseline -0.003 -22"><span class='ocrx_word' id='word_1_10' title='bbox 378 688 537 772; x_wconf 84' lang='lat' dir='ltr'><strong>quendam</strong></span> <span class='ocrx_word' id='word_1_11' title='bbox 559 688 672 764; x_wconf 88' lang='lat' dir='ltr'>vicum,</span> <span class='ocrx_word' id='word_1_12' title='bbox 687 688 781 773; x_wconf 84' lang='lat' dir='ltr'>longe</span> <span class='ocrx_word' id='word_1_13' title='bbox 803 689 845 751; x_wconf 89' lang='lat' dir='ltr'>ab</span> <span class='ocrx_word' id='word_1_14' title='bbox 867 688 946 751; x_wconf 90' lang='lat' dir='ltr'>urbe</span> <span class='ocrx_word' id='word_1_15' title='bbox 967 688 1119 772; x_wconf 89' lang='lat' dir='ltr'>positum,</span> <span class='ocrx_word' id='word_1_16' title='bbox 1134 687 1189 772; x_wconf 92' lang='lat' dir='ltr'>qui</span> <span class='ocrx_word' id='word_1_17' title='bbox 1208 687 1433 772; x_wconf 78' lang='lat' dir='ltr'>appellabatur</span> 
     </span>
     <span class='ocr_line' id='line_1_4' title="bbox 378 787 1432 873; baseline -0.004 -20"><span class='ocrx_word' id='word_1_18' title='bbox 378 789 524 866; x_wconf 87' lang='lat' dir='ltr'>Diodori,</span> <span class='ocrx_word' id='word_1_19' title='bbox 549 790 663 872; x_wconf 83' lang='grc' dir='ltr'>(κόμην</span> <span class='ocrx_word' id='word_1_20' title='bbox 687 789 905 869; x_wconf 78' lang='grc' dir='ltr'>εὐτελεστάτην</span> <span class='ocrx_word' id='word_1_21' title='bbox 927 790 1010 853; x_wconf 91' lang='lat' dir='ltr'>hanc</span> <span class='ocrx_word' id='word_1_22' title='bbox 1030 797 1123 853; x_wconf 85' lang='lat' dir='ltr'>vocat</span> <span class='ocrx_word' id='word_1_23' title='bbox 1144 789 1280 873; x_wconf 78' lang='lat' dir='ltr'>Gyrillns</span> <span class='ocrx_word' id='word_1_24' title='bbox 1302 787 1432 852; x_wconf 88' lang='lat' dir='ltr'>Hieros.</span> 
     </span>
     <span class='ocr_line' id='line_1_5' title="bbox 379 888 1432 975; baseline -0.003 -20"><span class='ocrx_word' id='word_1_25' title='bbox 379 891 498 956; x_wconf 75' lang='lat' dir='ltr'>Calact.</span> <span class='ocrx_word' id='word_1_26' title='bbox 517 892 558 955; x_wconf 87' lang='lat' dir='ltr'>vi.</span> <span class='ocrx_word' id='word_1_27' title='bbox 579 913 611 975; x_wconf 92' lang='lat' dir='ltr'>p.</span> <span class='ocrx_word' id='word_1_28' title='bbox 625 893 676 975; x_wconf 86' lang='lat'>65.</span> <span class='ocrx_word' id='word_1_29' title='bbox 697 891 746 954; x_wconf 89' lang='lat' dir='ltr'>ed.</span> <span class='ocrx_word' id='word_1_30' title='bbox 771 891 901 974; x_wconf 89' lang='lat' dir='ltr'>Morel.)</span> <span class='ocrx_word' id='word_1_31' title='bbox 925 890 1033 954; x_wconf 86' lang='lat' dir='ltr'>extitit</span> <span class='ocrx_word' id='word_1_32' title='bbox 1060 891 1229 974; x_wconf 79' lang='lat' dir='ltr'><strong>presbyter</strong></span> <span class='ocrx_word' id='word_1_33' title='bbox 1253 889 1336 953; x_wconf 89' lang='lat' dir='ltr'>illius</span> <span class='ocrx_word' id='word_1_34' title='bbox 1361 888 1432 965; x_wconf 87' lang='lat' dir='ltr'>loci,</span> 
     </span>
     <span class='ocr_line' id='line_1_6' title="bbox 376 991 1431 1077; baseline -0.002 -21"><span class='ocrx_word' id='word_1_35' title='bbox 376 993 503 1056; x_wconf 80' lang='lat' dir='ltr'>nonrine</span> <span class='ocrx_word' id='word_1_36' title='bbox 523 999 556 1056; x_wconf 89' lang='lat' dir='ltr'>et</span> <span class='ocrx_word' id='word_1_37' title='bbox 576 993 644 1076; x_wconf 93' lang='lat' dir='ltr'>ipse</span> <span class='ocrx_word' id='word_1_38' title='bbox 666 992 836 1070; x_wconf 85' lang='lat' dir='ltr'>Diodorus,</span> <span class='ocrx_word' id='word_1_39' title='bbox 853 1015 921 1077; x_wconf 90' lang='lat' dir='ltr'>cap.</span> <span class='ocrx_word' id='word_1_40' title='bbox 934 993 1043 1055; x_wconf 80' lang='lat' dir='ltr'>xxxix.</span> <span class='ocrx_word' id='word_1_41' title='bbox 1059 1015 1091 1077; x_wconf 90' lang='lat' dir='ltr'>p.</span> <span class='ocrx_word' id='word_1_42' title='bbox 1109 996 1178 1074; x_wconf 88' lang='lat'>176.</span> <span class='ocrx_word' id='word_1_43' title='bbox 1195 993 1271 1056; x_wconf 86' lang='lat' dir='ltr'>edit.</span> <span class='ocrx_word' id='word_1_44' title='bbox 1290 991 1431 1055; x_wconf 79' lang='lat' dir='ltr'>Fabricii</span> 
     </span>
     <span class='ocr_line' id='line_1_7' title="bbox 376 1092 1435 1180; baseline -0.001 -23"><span class='ocrx_word' id='word_1_45' title='bbox 376 1094 461 1180; x_wconf 89' lang='lat' dir='ltr'>apud</span> <span class='ocrx_word' id='word_1_46' title='bbox 490 1095 546 1178; x_wconf 84' lang='lat' dir='ltr'>Op.</span> <span class='ocrx_word' id='word_1_47' title='bbox 568 1095 602 1156; x_wconf 73' lang='lat' dir='ltr'>S.</span> <span class='ocrx_word' id='word_1_48' title='bbox 613 1093 786 1178; x_wconf 68' lang='lat' dir='ltr'>Hippolyti.</span> <span class='ocrx_word' id='word_1_49' title='bbox 830 1094 1006 1159; x_wconf 80' lang='lat' dir='ltr'>Conferet</span> <span class='ocrx_word' id='word_1_50' title='bbox 1031 1095 1127 1158; x_wconf 87' lang='lat' dir='ltr'>verba</span> <span class='ocrx_word' id='word_1_51' title='bbox 1147 1102 1276 1179; x_wconf 87' lang='lat' dir='ltr'>patrum</span> <span class='ocrx_word' id='word_1_52' title='bbox 1301 1092 1435 1157; x_wconf 72' lang='lat' dir='ltr'>Ooacilii</span> 
     </span>
     <span class='ocr_line' id='line_1_8' title="bbox 376 1195 1432 1271; baseline 0.001 -12"><span class='ocrx_word' id='word_1_53' title='bbox 376 1195 558 1260; x_wconf 79' lang='lat' dir='ltr'>Antiocheai</span> <span class='ocrx_word' id='word_1_54' title='bbox 566 1195 717 1259; x_wconf 84' lang='lat' dir='ltr'>adversus</span> <span class='ocrx_word' id='word_1_55' title='bbox 729 1195 864 1260; x_wconf 89' lang='lat' dir='ltr'>Paulum</span> <span class='ocrx_word' id='word_1_56' title='bbox 877 1197 1121 1260; x_wconf 89' lang='lat' dir='ltr'>Samosatenum</span> <span class='ocrx_word' id='word_1_57' title='bbox 1132 1221 1142 1271; x_wconf 83' lang='lat'>3</span> <span class='ocrx_word' id='word_1_58' title='bbox 1155 1196 1235 1261; x_wconf 80' lang='grc' dir='ltr'>Τοὺς</span> <span class='ocrx_word' id='word_1_59' title='bbox 1244 1195 1432 1260; x_wconf 83' lang='grc' dir='ltr'>θωπεόουτας</span> 
     </span>
     <span class='ocr_line' id='line_1_9' title="bbox 376 1297 1429 1381; baseline -0.002 -20"><span class='ocrx_word' id='word_1_60' title='bbox 376 1298 467 1361; x_wconf 76' lang='grc' dir='ltr'>αὐτὸν</span> <span class='ocrx_word' id='word_1_61' title='bbox 483 1297 659 1381; x_wconf 87' lang='lat' dir='ltr'>(inquiunt)</span> <span class='ocrx_word' id='word_1_62' title='bbox 678 1299 858 1366; x_wconf 78' lang='grc' dir='ltr'>ἐπισκόπους</span> <span class='ocrx_word' id='word_1_63' title='bbox 872 1305 932 1362; x_wconf 82' lang='grc' dir='ltr'>τῶν</span> <span class='ocrx_word' id='word_1_64' title='bbox 951 1300 1068 1379; x_wconf 78' lang='grc' dir='ltr'>ὁμόρων</span> <span class='ocrx_word' id='word_1_65' title='bbox 1087 1300 1188 1381; x_wconf 78' lang='grc' dir='ltr'>ἄχρων</span> <span class='ocrx_word' id='word_1_66' title='bbox 1200 1322 1233 1360; x_wconf 90' lang='grc' dir='ltr'>τε</span> <span class='ocrx_word' id='word_1_67' title='bbox 1248 1299 1297 1361; x_wconf 77' lang='grc' dir='ltr'>καί</span> <span class='ocrx_word' id='word_1_68' title='bbox 1308 1298 1429 1360; x_wconf 86' lang='grc' dir='ltr'>πόλεων</span> 
     </span>
     <span class='ocr_line' id='line_1_10' title="bbox 376 1397 1428 1484; baseline -0.004 -20"><span class='ocrx_word' id='word_1_69' title='bbox 376 1401 425 1464; x_wconf 81' lang='grc' dir='ltr'>καὶ</span> <span class='ocrx_word' id='word_1_70' title='bbox 444 1398 676 1480; x_wconf 69' lang='grc' dir='ltr'>πρεσβυτέρους,</span> <span class='ocrx_word' id='word_1_71' title='bbox 696 1399 756 1464; x_wconf 88' lang='lat' dir='ltr'>vol.</span> <span class='ocrx_word' id='word_1_72' title='bbox 770 1399 834 1463; x_wconf 89' lang='grc' dir='ltr'>ΙΙΙ.</span> <span class='ocrx_word' id='word_1_73' title='bbox 855 1401 1029 1484; x_wconf 73' lang='grc' dir='ltr'>Βοίίηιιὶαν.</span> <span class='ocrx_word' id='word_1_74' title='bbox 1046 1402 1135 1463; x_wconf 78' lang='lat' dir='ltr'>Scor.</span> <span class='ocrx_word' id='word_1_75' title='bbox 1150 1421 1181 1483; x_wconf 88' lang='lat' dir='ltr'>p.</span> <span class='ocrx_word' id='word_1_76' title='bbox 1191 1416 1266 1484; x_wconf 84' lang='lat'><strong>307.</strong></span> <span class='ocrx_word' id='word_1_77' title='bbox 1313 1397 1428 1482; x_wconf 85' lang='lat' dir='ltr'>Itaque</span> 
     </span>
     <span class='ocr_line' id='line_1_11' title="bbox 376 1498 1426 1586; baseline -0.003 -22"><span class='ocrx_word' id='word_1_78' title='bbox 376 1500 552 1579; x_wconf 91' lang='lat' dir='ltr'>dicendum,</span> <span class='ocrx_word' id='word_1_79' title='bbox 580 1501 606 1564; x_wconf 90' lang='lat' dir='ltr'>si</span> <span class='ocrx_word' id='word_1_80' title='bbox 633 1500 750 1565; x_wconf 86' lang='lat' dir='ltr'>luerint</span> <span class='ocrx_word' id='word_1_81' title='bbox 776 1503 805 1565; x_wconf 80' lang='lat' dir='ltr'>ol</span> <span class='ocrx_word' id='word_1_82' title='bbox 828 1503 1022 1584; x_wconf 78' lang='grc' dir='ltr'>περιοὸευταί,</span> <span class='ocrx_word' id='word_1_83' title='bbox 1052 1501 1107 1586; x_wconf 88' lang='lat' dir='ltr'>qui</span> <span class='ocrx_word' id='word_1_84' title='bbox 1131 1498 1426 1583; x_wconf 86' lang='lat' dir='ltr'>chorepiscoporum</span> 
     </span>
     <span class='ocr_line' id='line_1_12' title="bbox 375 1601 1426 1688; baseline -0.003 -23"><span class='ocrx_word' id='word_1_85' title='bbox 375 1601 444 1666; x_wconf 93' lang='lat' dir='ltr'>loco</span> <span class='ocrx_word' id='word_1_86' title='bbox 459 1610 571 1687; x_wconf 89' lang='lat' dir='ltr'>postea</span> <span class='ocrx_word' id='word_1_87' title='bbox 585 1602 751 1667; x_wconf 86' lang='lat' dir='ltr'>constituti</span> <span class='ocrx_word' id='word_1_88' title='bbox 767 1613 852 1681; x_wconf 88' lang='lat' dir='ltr'>sunt,</span> <span class='ocrx_word' id='word_1_89' title='bbox 868 1603 1046 1688; x_wconf 83' lang='lat' dir='ltr'>presbyteri</span> <span class='ocrx_word' id='word_1_90' title='bbox 1062 1605 1223 1686; x_wconf 79' lang='grc' dir='ltr'>ἑπιχωρίοι,</span> <span class='ocrx_word' id='word_1_91' title='bbox 1235 1609 1348 1665; x_wconf 89' lang='lat' dir='ltr'>contra</span> <span class='ocrx_word' id='word_1_92' title='bbox 1362 1622 1426 1664; x_wconf 92' lang='lat' dir='ltr'>non</span> 
     </span>
     <span class='ocr_line' id='line_1_13' title="bbox 375 1702 1426 1790; baseline -0.001 -23"><span class='ocrx_word' id='word_1_93' title='bbox 375 1725 484 1768; x_wconf 85' lang='lat' dir='ltr'>omnes</span> <span class='ocrx_word' id='word_1_94' title='bbox 506 1706 681 1786; x_wconf 68' lang='grc' dir='ltr'>ἐπιχωρίους</span> <span class='ocrx_word' id='word_1_95' title='bbox 703 1705 906 1790; x_wconf 86' lang='lat' dir='ltr'>presbyteros</span> <span class='ocrx_word' id='word_1_96' title='bbox 920 1706 1017 1769; x_wconf 87' lang='lat' dir='ltr'>fuisse</span> <span class='ocrx_word' id='word_1_97' title='bbox 1038 1707 1234 1786; x_wconf 81' lang='grc' dir='ltr'>περιοὸευτᾰς,</span> <span class='ocrx_word' id='word_1_98' title='bbox 1250 1703 1307 1767; x_wconf 91' lang='lat' dir='ltr'>sed</span> <span class='ocrx_word' id='word_1_99' title='bbox 1327 1704 1367 1767; x_wconf 87' lang='lat' dir='ltr'>de</span> <span class='ocrx_word' id='word_1_100' title='bbox 1387 1702 1426 1766; x_wconf 90' lang='lat' dir='ltr'>iis</span> 
     </span>
     <span class='ocr_line' id='line_1_14' title="bbox 375 1804 1426 1890; baseline -0.002 -20"><span class='ocrx_word' id='word_1_101' title='bbox 375 1813 502 1870; x_wconf 89' lang='lat' dir='ltr'>tantum</span> <span class='ocrx_word' id='word_1_102' title='bbox 528 1806 703 1880; x_wconf 91' lang='lat' dir='ltr'>nonnullos,</span> <span class='ocrx_word' id='word_1_103' title='bbox 732 1829 811 1890; x_wconf 86' lang='lat' dir='ltr'>quos</span> <span class='ocrx_word' id='word_1_104' title='bbox 837 1806 962 1890; x_wconf 87' lang='lat' dir='ltr'>quidem</span> <span class='ocrx_word' id='word_1_105' title='bbox 994 1807 1137 1890; x_wconf 73' lang='grc' dir='ltr'>ἐξάρχους</span> <span class='ocrx_word' id='word_1_106' title='bbox 1162 1806 1328 1869; x_wconf 89' lang='lat' dir='ltr'>nominant</span> <span class='ocrx_word' id='word_1_107' title='bbox 1352 1804 1426 1868; x_wconf 81' lang='lat' dir='ltr'>Ari·</span> 
     </span>
     <span class='ocr_line' id='line_1_15' title="bbox 374 1906 1423 1992; baseline -0.001 -21"><span class='ocrx_word' id='word_1_108' title='bbox 374 1915 484 1972; x_wconf 89' lang='lat' dir='ltr'>stenus</span> <span class='ocrx_word' id='word_1_109' title='bbox 499 1915 533 1971; x_wconf 91' lang='lat' dir='ltr'>et</span> <span class='ocrx_word' id='word_1_110' title='bbox 551 1906 700 1970; x_wconf 87' lang='lat' dir='ltr'>Balsamo</span> <span class='ocrx_word' id='word_1_111' title='bbox 720 1907 751 1970; x_wconf 91' lang='lat' dir='ltr'>in</span> <span class='ocrx_word' id='word_1_112' title='bbox 767 1907 906 1972; x_wconf 64' lang='lat' dir='ltr'>Scholia.</span> <span class='ocrx_word' id='word_1_113' title='bbox 952 1908 996 1971; x_wconf 91' lang='lat' dir='ltr'>Hi</span> <span class='ocrx_word' id='word_1_114' title='bbox 1012 1908 1147 1992; x_wconf 87' lang='lat' dir='ltr'>denique</span> <span class='ocrx_word' id='word_1_115' title='bbox 1162 1907 1335 1971; x_wconf 88' lang='lat' dir='ltr'>Laodiceni</span> <span class='ocrx_word' id='word_1_116' title='bbox 1348 1929 1423 1971; x_wconf 88' lang='lat' dir='ltr'>con-</span> 
     </span>
     <span class='ocr_line' id='line_1_16' title="bbox 375 2009 1423 2093; baseline -0.001 -20"><span class='ocrx_word' id='word_1_117' title='bbox 375 2009 437 2073; x_wconf 90' lang='lat' dir='ltr'>cilii</span> <span class='ocrx_word' id='word_1_118' title='bbox 458 2012 652 2090; x_wconf 84' lang='grc' dir='ltr'>περιοδευταὶ,</span> <span class='ocrx_word' id='word_1_119' title='bbox 680 2010 725 2073; x_wconf 90' lang='lat' dir='ltr'>sic</span> <span class='ocrx_word' id='word_1_120' title='bbox 747 2010 852 2073; x_wconf 84' lang='lat' dir='ltr'>vocati</span> <span class='ocrx_word' id='word_1_121' title='bbox 874 2032 895 2072; x_wconf 90' lang='lat' dir='ltr'>a</span> <span class='ocrx_word' id='word_1_122' title='bbox 914 2010 1133 2085; x_wconf 77' lang='grc' dir='ltr'>ου’τσιιυνυυυόο,</span> <span class='ocrx_word' id='word_1_123' title='bbox 1165 2028 1238 2085; x_wconf 86' lang='grc' dir='ltr'>ιιοιι,</span> <span class='ocrx_word' id='word_1_124' title='bbox 1267 2016 1305 2073; x_wconf 90' lang='lat' dir='ltr'>ut</span> <span class='ocrx_word' id='word_1_125' title='bbox 1326 2009 1423 2093; x_wconf 90' lang='lat' dir='ltr'>aliqui</span> 
     </span>
     <span class='ocr_line' id='line_1_17' title="bbox 375 2112 1424 2199; baseline 0 -23"><span class='ocrx_word' id='word_1_126' title='bbox 375 2121 502 2198; x_wconf 86' lang='lat' dir='ltr'>putant,</span> <span class='ocrx_word' id='word_1_127' title='bbox 518 2134 538 2175; x_wconf 89' lang='lat' dir='ltr'>a</span> <span class='ocrx_word' id='word_1_128' title='bbox 552 2112 697 2190; x_wconf 83' lang='lat' dir='ltr'>curando,</span> <span class='ocrx_word' id='word_1_129' title='bbox 711 2113 759 2177; x_wconf 86' lang='lat' dir='ltr'>vel</span> <span class='ocrx_word' id='word_1_130' title='bbox 779 2112 964 2190; x_wconf 71' lang='lat' dir='ltr'>medicando,</span> <span class='ocrx_word' id='word_1_131' title='bbox 980 2113 1175 2198; x_wconf 78' lang='lat' dir='ltr'>deprehendi</span> <span class='ocrx_word' id='word_1_132' title='bbox 1195 2121 1329 2199; x_wconf 86' lang='lat' dir='ltr'>possunt</span> <span class='ocrx_word' id='word_1_133' title='bbox 1347 2121 1424 2176; x_wconf 89' lang='lat' dir='ltr'>ante</span> 
     </span>
     <span class='ocr_line' id='line_1_18' title="bbox 374 2212 1423 2299; baseline -0.003 -20"><span class='ocrx_word' id='word_1_134' title='bbox 374 2213 540 2279; x_wconf 88' lang='lat' dir='ltr'>concilium</span> <span class='ocrx_word' id='word_1_135' title='bbox 565 2213 728 2278; x_wconf 83' lang='lat' dir='ltr'>Nicaenum</span> <span class='ocrx_word' id='word_1_136' title='bbox 749 2215 781 2278; x_wconf 90' lang='lat' dir='ltr'>in</span> <span class='ocrx_word' id='word_1_137' title='bbox 800 2214 1052 2278; x_wconf 76' lang='grc' dir='ltr'>σίταυτπυυηίίόιις</span> <span class='ocrx_word' id='word_1_138' title='bbox 1064 2225 1092 2278; x_wconf 69' lang='lat' dir='ltr'>a</span> <span class='ocrx_word' id='word_1_139' title='bbox 1104 2212 1274 2299; x_wconf 67' lang='lat' dir='ltr'>polemitas</span> <span class='ocrx_word' id='word_1_140' title='bbox 1287 2213 1423 2286; x_wconf 68' lang='lat' dir='ltr'>uiatore,</span> 
     </span>
     <span class='ocr_line' id='line_1_19' title="bbox 374 2315 1422 2402; baseline 0.001 -23"><span class='ocrx_word' id='word_1_141' title='bbox 374 2337 453 2401; x_wconf 92' lang='lat' dir='ltr'>quos</span> <span class='ocrx_word' id='word_1_142' title='bbox 474 2331 652 2380; x_wconf 89' lang='lat' dir='ltr'>memorant</span> <span class='ocrx_word' id='word_1_143' title='bbox 667 2316 805 2402; x_wconf 79' lang='lat' dir='ltr'>episcopi</span> <span class='ocrx_word' id='word_1_144' title='bbox 820 2317 971 2401; x_wconf 86' lang='lat' dir='ltr'>AEgyptii</span> <span class='ocrx_word' id='word_1_145' title='bbox 987 2316 1019 2379; x_wconf 91' lang='lat' dir='ltr'>in</span> <span class='ocrx_word' id='word_1_146' title='bbox 1034 2315 1175 2401; x_wconf 74' lang='lat' dir='ltr'>Epistola</span> <span class='ocrx_word' id='word_1_147' title='bbox 1193 2337 1252 2380; x_wconf 80' lang='lat' dir='ltr'>aua</span> <span class='ocrx_word' id='word_1_148' title='bbox 1270 2315 1316 2379; x_wconf 79' lang='lat' dir='ltr'>ad</span> <span class='ocrx_word' id='word_1_149' title='bbox 1328 2315 1422 2380; x_wconf 63' lang='lat' dir='ltr'>Melo-</span> 
     </span>
     <span class='ocr_line' id='line_1_20' title="bbox 374 2417 1370 2504; baseline -0.004 -21"><span class='ocrx_word' id='word_1_150' title='bbox 374 2419 450 2483; x_wconf 81' lang='lat' dir='ltr'>tiam</span> <span class='ocrx_word' id='word_1_151' title='bbox 464 2441 485 2483; x_wconf 92' lang='lat' dir='ltr'>a</span> <span class='ocrx_word' id='word_1_152' title='bbox 501 2418 646 2503; x_wconf 87' lang='lat' dir='ltr'>Scipione</span> <span class='ocrx_word' id='word_1_153' title='bbox 661 2418 771 2483; x_wconf 85' lang='lat' dir='ltr'>Maffei</span> <span class='ocrx_word' id='word_1_154' title='bbox 787 2419 924 2504; x_wconf 90' lang='lat' dir='ltr'>primum</span> <span class='ocrx_word' id='word_1_155' title='bbox 938 2419 1036 2482; x_wconf 88' lang='lat' dir='ltr'>edita.</span> <span class='ocrx_word' id='word_1_156' title='bbox 1076 2417 1150 2480; x_wconf 85' lang='lat' dir='ltr'>Vid.</span> <span class='ocrx_word' id='word_1_157' title='bbox 1163 2439 1261 2501; x_wconf 88' lang='lat' dir='ltr'>supra</span> <span class='ocrx_word' id='word_1_158' title='bbox 1274 2437 1305 2501; x_wconf 92' lang='lat' dir='ltr'>p.</span> <span class='ocrx_word' id='word_1_159' title='bbox 1318 2434 1370 2500; x_wconf 84' lang='lat'>92.</span> 
     </span>
    </p>

    <p class='ocr_par' dir='ltr' id='par_1_3' title="bbox 311 2519 1424 4238">
     <span class='ocr_line' id='line_1_21' title="bbox 420 2519 1424 2606; baseline 0 -23"><span class='ocrx_word' id='word_1_160' title='bbox 420 2521 457 2584; x_wconf 87' lang='grc' dir='ltr'>Ρ.</span> <span class='ocrx_word' id='word_1_161' title='bbox 473 2520 542 2606; x_wconf 85' lang='lat'>185.</span> <span class='ocrx_word' id='word_1_162' title='bbox 558 2520 579 2585; x_wconf 91' lang='lat' dir='ltr'>l.</span> <span class='ocrx_word' id='word_1_163' title='bbox 597 2541 645 2587; x_wconf 83' lang='lat'>11.</span> <span class='ocrx_word' id='word_1_164' title='bbox 665 2524 714 2585; x_wconf 76' lang='grc' dir='ltr'>διὰ</span> <span class='ocrx_word' id='word_1_165' title='bbox 735 2521 789 2601; x_wconf 77' lang='grc' dir='ltr'>την</span> <span class='ocrx_word' id='word_1_166' title='bbox 812 2519 945 2599; x_wconf 76' lang='grc' dir='ltr'>σπουδὴν</span> <span class='ocrx_word' id='word_1_167' title='bbox 968 2520 1022 2600; x_wconf 78' lang='grc' dir='ltr'>τὴν</span> <span class='ocrx_word' id='word_1_168' title='bbox 1043 2523 1085 2588; x_wconf 87' lang='grc' dir='ltr'>είς</span> <span class='ocrx_word' id='word_1_169' title='bbox 1104 2520 1171 2587; x_wconf 82' lang='grc' dir='ltr'>τοὺς</span> <span class='ocrx_word' id='word_1_170' title='bbox 1190 2519 1336 2605; x_wconf 76' lang='grc' dir='ltr'>πτωχοὺς]</span> <span class='ocrx_word' id='word_1_171' title='bbox 1358 2519 1424 2598; x_wconf 78' lang='grc' dir='ltr'>Τὴν</span> 
     </span>
     <span class='ocr_line' id='line_1_22' title="bbox 373 2621 1422 2708; baseline -0.001 -21"><span class='ocrx_word' id='word_1_172' title='bbox 373 2630 450 2687; x_wconf 85' lang='lat' dir='ltr'>ante</span> <span class='ocrx_word' id='word_1_173' title='bbox 471 2626 521 2697; x_wconf 88' lang='grc' dir='ltr'>είς,</span> <span class='ocrx_word' id='word_1_174' title='bbox 547 2626 631 2708; x_wconf 88' lang='lat' dir='ltr'>quod</span> <span class='ocrx_word' id='word_1_175' title='bbox 652 2624 693 2689; x_wconf 86' lang='lat' dir='ltr'>ab</span> <span class='ocrx_word' id='word_1_176' title='bbox 717 2623 808 2689; x_wconf 78' lang='lat' dir='ltr'>editis</span> <span class='ocrx_word' id='word_1_177' title='bbox 833 2622 977 2686; x_wconf 81' lang='lat' dir='ltr'>Ooaeiliis</span> <span class='ocrx_word' id='word_1_178' title='bbox 1001 2631 1099 2707; x_wconf 90' lang='lat' dir='ltr'>atque</span> <span class='ocrx_word' id='word_1_179' title='bbox 1126 2621 1297 2686; x_wconf 78' lang='lat' dir='ltr'>Oaaoaibua</span> <span class='ocrx_word' id='word_1_180' title='bbox 1320 2622 1422 2700; x_wconf 91' lang='lat' dir='ltr'>abest,</span> 
     </span>
     <span class='ocr_line' id='line_1_23' title="bbox 374 2723 1423 2812; baseline -0.002 -23"><span class='ocrx_word' id='word_1_181' title='bbox 374 2733 447 2810; x_wconf 90' lang='lat' dir='ltr'>post</span> <span class='ocrx_word' id='word_1_182' title='bbox 462 2724 667 2812; x_wconf 83' lang='lat' dir='ltr'>Beveregium</span> <span class='ocrx_word' id='word_1_183' title='bbox 681 2725 783 2810; x_wconf 88' lang='lat' dir='ltr'>posui,</span> <span class='ocrx_word' id='word_1_184' title='bbox 799 2724 1027 2809; x_wconf 72' lang='lat' dir='ltr'>praestantibus</span> <span class='ocrx_word' id='word_1_185' title='bbox 1041 2723 1118 2787; x_wconf 91' lang='lat' dir='ltr'>illud</span> <span class='ocrx_word' id='word_1_186' title='bbox 1130 2730 1199 2787; x_wconf 83' lang='lat' dir='ltr'>turn</span> <span class='ocrx_word' id='word_1_187' title='bbox 1209 2724 1331 2808; x_wconf 78' lang='lat' dir='ltr'>scriptia</span> <span class='ocrx_word' id='word_1_188' title='bbox 1339 2723 1423 2787; x_wconf 80' lang='lat' dir='ltr'>Bod-</span> 
     </span>
     <span class='ocr_line' id='line_1_24' title="bbox 373 2825 1422 2912; baseline -0.002 -21"><span class='ocrx_word' id='word_1_189' title='bbox 373 2826 633 2900; x_wconf 66' lang='lat' dir='ltr'>eluctantibus,</span> <span class='ocrx_word' id='word_1_190' title='bbox 647 2835 765 2912; x_wconf 74' lang='lat' dir='ltr'>prater</span> <span class='ocrx_word' id='word_1_191' title='bbox 774 2849 859 2891; x_wconf 89' lang='lat' dir='ltr'>num.</span> <span class='ocrx_word' id='word_1_192' title='bbox 872 2844 947 2910; x_wconf 83' lang='lat'>715,</span> <span class='ocrx_word' id='word_1_193' title='bbox 959 2835 1028 2891; x_wconf 86' lang='lat' dir='ltr'>tum</span> <span class='ocrx_word' id='word_1_194' title='bbox 1038 2829 1165 2890; x_wconf 89' lang='lat' dir='ltr'>Joanne</span> <span class='ocrx_word' id='word_1_195' title='bbox 1177 2825 1379 2890; x_wconf 74' lang='lat' dir='ltr'>Antiocheno</span> <span class='ocrx_word' id='word_1_196' title='bbox 1390 2826 1422 2889; x_wconf 93' lang='lat' dir='ltr'>in</span> 
     </span>
     <span class='ocr_line' id='line_1_25' title="bbox 375 2928 1423 3013; baseline -0.001 -22"><span class='ocrx_word' id='word_1_197' title='bbox 375 2929 531 2991; x_wconf 84' lang='grc' dir='ltr'>Οατιοιιυιυ</span> <span class='ocrx_word' id='word_1_198' title='bbox 548 2929 671 3013; x_wconf 74' lang='grc' dir='ltr'>Οίρσςίυ</span> <span class='ocrx_word' id='word_1_199' title='bbox 689 2930 880 3013; x_wconf 90' lang='lat' dir='ltr'>Zonaraque</span> <span class='ocrx_word' id='word_1_200' title='bbox 899 2929 932 2991; x_wconf 92' lang='lat' dir='ltr'>in</span> <span class='ocrx_word' id='word_1_201' title='bbox 954 2928 1181 2993; x_wconf 69' lang='lat' dir='ltr'>Oommeatatio.</span> <span class='ocrx_word' id='word_1_202' title='bbox 1227 2928 1356 3013; x_wconf 78' lang='lat' dir='ltr'>Legisse</span> <span class='ocrx_word' id='word_1_203' title='bbox 1376 2929 1423 2991; x_wconf 91' lang='lat' dir='ltr'>in·</span> 
     </span>
     <span class='ocr_line' id='line_1_26' title="bbox 373 3030 1423 3115; baseline -0.001 -22"><span class='ocrx_word' id='word_1_204' title='bbox 373 3036 462 3093; x_wconf 82' lang='lat' dir='ltr'>terea</span> <span class='ocrx_word' id='word_1_205' title='bbox 486 3030 677 3093; x_wconf 82' lang='lat' dir='ltr'>videbuntur</span> <span class='ocrx_word' id='word_1_206' title='bbox 695 3030 732 3109; x_wconf 85' lang='grc' dir='ltr'>ἣν</span> <span class='ocrx_word' id='word_1_207' title='bbox 753 3034 796 3097; x_wconf 88' lang='grc' dir='ltr'>είς</span> <span class='ocrx_word' id='word_1_208' title='bbox 815 3032 884 3097; x_wconf 81' lang='grc' dir='ltr'>τοὺς</span> <span class='ocrx_word' id='word_1_209' title='bbox 902 3032 1037 3113; x_wconf 80' lang='grc' dir='ltr'>πτωχοὺς</span> <span class='ocrx_word' id='word_1_210' title='bbox 1057 3030 1263 3111; x_wconf 71' lang='grc' dir='ltr'>προσφέρουσι</span> <span class='ocrx_word' id='word_1_211' title='bbox 1287 3051 1346 3115; x_wconf 85' lang='lat' dir='ltr'>pro</span> <span class='ocrx_word' id='word_1_212' title='bbox 1369 3030 1423 3108; x_wconf 74' lang='grc' dir='ltr'>τήν</span> 
     </span>
     <span class='ocr_line' id='line_1_27' title="bbox 375 3129 1423 3217; baseline 0.003 -25"><span class='ocrx_word' id='word_1_213' title='bbox 375 3130 432 3193; x_wconf 75' lang='grc' dir='ltr'>δια.</span> <span class='ocrx_word' id='word_1_214' title='bbox 476 3129 648 3214; x_wconf 90' lang='lat' dir='ltr'>Dionysius</span> <span class='ocrx_word' id='word_1_215' title='bbox 673 3141 771 3215; x_wconf 88' lang='lat' dir='ltr'>utque</span> <span class='ocrx_word' id='word_1_216' title='bbox 797 3132 948 3210; x_wconf 80' lang='lat' dir='ltr'>Isidorus,</span> <span class='ocrx_word' id='word_1_217' title='bbox 973 3133 1000 3196; x_wconf 91' lang='lat' dir='ltr'>si</span> <span class='ocrx_word' id='word_1_218' title='bbox 1028 3132 1152 3196; x_wconf 84' lang='lat' dir='ltr'>Latinae</span> <span class='ocrx_word' id='word_1_219' title='bbox 1177 3132 1317 3217; x_wconf 90' lang='lat' dir='ltr'>ipsorum</span> <span class='ocrx_word' id='word_1_220' title='bbox 1341 3131 1423 3195; x_wconf 90' lang='lat' dir='ltr'>Ver·</span> 
     </span>
     <span class='ocr_line' id='line_1_28' title="bbox 373 3231 1423 3317; baseline 0.001 -21"><span class='ocrx_word' id='word_1_221' title='bbox 373 3231 477 3296; x_wconf 82' lang='lat' dir='ltr'>aiones</span> <span class='ocrx_word' id='word_1_222' title='bbox 491 3232 710 3317; x_wconf 85' lang='lat' dir='ltr'>inspiciantur,</span> <span class='ocrx_word' id='word_1_223' title='bbox 726 3233 821 3297; x_wconf 89' lang='lat' dir='ltr'>aliter</span> <span class='ocrx_word' id='word_1_224' title='bbox 838 3257 912 3298; x_wconf 90' lang='lat' dir='ltr'>vero</span> <span class='ocrx_word' id='word_1_225' title='bbox 929 3258 963 3299; x_wconf 89' lang='lat' dir='ltr'>so</span> <span class='ocrx_word' id='word_1_226' title='bbox 982 3236 1097 3299; x_wconf 76' lang='lat' dir='ltr'>Prisca</span> <span class='ocrx_word' id='word_1_227' title='bbox 1120 3234 1221 3297; x_wconf 72' lang='lat' dir='ltr'>Vasio</span> <span class='ocrx_word' id='word_1_228' title='bbox 1234 3233 1423 3298; x_wconf 77' lang='lat' dir='ltr'>Jastelliaaa</span> 
     </span>
     <span class='ocr_line' id='line_1_29' title="bbox 373 3333 1423 3419; baseline 0.005 -23"><span class='ocrx_word' id='word_1_229' title='bbox 373 3333 480 3398; x_wconf 89' lang='lat' dir='ltr'>habet.</span> <span class='ocrx_word' id='word_1_230' title='bbox 512 3335 656 3398; x_wconf 84' lang='lat' dir='ltr'>Zonaras</span> <span class='ocrx_word' id='word_1_231' title='bbox 670 3334 828 3419; x_wconf 87' lang='lat' dir='ltr'>interpres</span> <span class='ocrx_word' id='word_1_232' title='bbox 842 3336 1162 3419; x_wconf 78' lang='grc' dir='ltr'>αἰί-πρσσφίρειν</span> <span class='ocrx_word' id='word_1_233' title='bbox 1172 3340 1205 3401; x_wconf 81' lang='grc' dir='ltr'>δὲ</span> <span class='ocrx_word' id='word_1_234' title='bbox 1214 3339 1249 3402; x_wconf 83' lang='grc' dir='ltr'>οὐ</span> <span class='ocrx_word' id='word_1_235' title='bbox 1258 3336 1423 3401; x_wconf 77' lang='grc' dir='ltr'>κωλύονται</span> 
     </span>
     <span class='ocr_line' id='line_1_30' title="bbox 373 3436 1423 3522; baseline 0.004 -24"><span class='ocrx_word' id='word_1_236' title='bbox 373 3440 422 3499; x_wconf 73' lang='lat' dir='ltr'>ta</span> <span class='ocrx_word' id='word_1_237' title='bbox 436 3436 490 3515; x_wconf 77' lang='grc' dir='ltr'>τὴν</span> <span class='ocrx_word' id='word_1_238' title='bbox 506 3437 639 3515; x_wconf 74' lang='grc' dir='ltr'>σπουδὴν</span> <span class='ocrx_word' id='word_1_239' title='bbox 660 3437 714 3515; x_wconf 76' lang='grc' dir='ltr'>τὴν</span> <span class='ocrx_word' id='word_1_240' title='bbox 734 3440 776 3503; x_wconf 91' lang='grc' dir='ltr'>είς</span> <span class='ocrx_word' id='word_1_241' title='bbox 790 3439 858 3505; x_wconf 81' lang='grc' dir='ltr'>τοὺς</span> <span class='ocrx_word' id='word_1_242' title='bbox 878 3440 1014 3522; x_wconf 82' lang='grc' dir='ltr'>πτωχοὺς</span> <span class='ocrx_word' id='word_1_243' title='bbox 1034 3440 1200 3519; x_wconf 75' lang='grc' dir='ltr'>τιμώμενοι.</span> <span class='ocrx_word' id='word_1_244' title='bbox 1224 3443 1277 3505; x_wconf 79' lang='grc' dir='ltr'>τὰς</span> <span class='ocrx_word' id='word_1_245' title='bbox 1290 3441 1349 3520; x_wconf 73' lang='grc' dir='ltr'>γὰρ</span> <span class='ocrx_word' id='word_1_246' title='bbox 1363 3444 1423 3502; x_wconf 78' lang='grc' dir='ltr'>τῶν</span> 
     </span>
     <span class='ocr_line' id='line_1_31' title="bbox 374 3539 1422 3623; baseline 0 -20"><span class='ocrx_word' id='word_1_247' title='bbox 374 3541 549 3617; x_wconf 81' lang='grc' dir='ltr'>ίκκλησιῶυ,</span> <span class='ocrx_word' id='word_1_248' title='bbox 571 3543 612 3602; x_wconf 79' lang='grc' dir='ltr'>ὧν</span> <span class='ocrx_word' id='word_1_249' title='bbox 631 3539 821 3619; x_wconf 80' lang='grc' dir='ltr'>προίσταντο,</span> <span class='ocrx_word' id='word_1_250' title='bbox 844 3542 1008 3622; x_wconf 76' lang='grc' dir='ltr'>προσόδους</span> <span class='ocrx_word' id='word_1_251' title='bbox 1028 3544 1071 3607; x_wconf 85' lang='grc' dir='ltr'>είς</span> <span class='ocrx_word' id='word_1_252' title='bbox 1091 3542 1227 3623; x_wconf 83' lang='grc' dir='ltr'>πτωχοὺς</span> <span class='ocrx_word' id='word_1_253' title='bbox 1245 3542 1422 3604; x_wconf 73' lang='grc' dir='ltr'>ἀναλίσκειν</span> 
     </span>
     <span class='ocr_line' id='line_1_32' title="bbox 373 3640 1421 3723; baseline 0 -18"><span class='ocrx_word' id='word_1_254' title='bbox 373 3640 516 3723; x_wconf 80' lang='grc' dir='ltr'>ὤφειλον,</span> <span class='ocrx_word' id='word_1_255' title='bbox 534 3642 581 3705; x_wconf 82' lang='grc' dir='ltr'>καὶ</span> <span class='ocrx_word' id='word_1_256' title='bbox 596 3648 789 3722; x_wconf 86' lang='grc' dir='ltr'>προνοεῖσθαι</span> <span class='ocrx_word' id='word_1_257' title='bbox 805 3644 909 3716; x_wconf 67' lang='lat' dir='ltr'>aaron,</span> <span class='ocrx_word' id='word_1_258' title='bbox 927 3644 975 3706; x_wconf 83' lang='grc' dir='ltr'>καὶ</span> <span class='ocrx_word' id='word_1_259' title='bbox 989 3648 1076 3705; x_wconf 86' lang='grc' dir='ltr'>τοῦτο</span> <span class='ocrx_word' id='word_1_260' title='bbox 1091 3647 1255 3713; x_wconf 84' lang='grc' dir='ltr'>ποιοῦντες,</span> <span class='ocrx_word' id='word_1_261' title='bbox 1269 3643 1421 3719; x_wconf 71' lang='grc' dir='ltr'>ἐτιμῶντο.</span> 
     </span>
     <span class='ocr_line' id='line_1_33' title="bbox 374 3741 1424 3827; baseline 0 -19"><span class='ocrx_word' id='word_1_262' title='bbox 374 3748 401 3808; x_wconf 83' lang='grc' dir='ltr'>εί</span> <span class='ocrx_word' id='word_1_263' title='bbox 414 3746 445 3807; x_wconf 74' lang='grc' dir='ltr'>δὲ</span> <span class='ocrx_word' id='word_1_264' title='bbox 462 3750 523 3810; x_wconf 86' lang='grc' dir='ltr'>τοῖς</span> <span class='ocrx_word' id='word_1_265' title='bbox 542 3746 777 3827; x_wconf 87' lang='grc' dir='ltr'>χωρεπισκόποις</span> <span class='ocrx_word' id='word_1_266' title='bbox 796 3746 948 3823; x_wconf 78' lang='grc' dir='ltr'>ὀφείλημα</span> <span class='ocrx_word' id='word_1_267' title='bbox 962 3744 1000 3823; x_wconf 80' lang='grc' dir='ltr'>ἣν</span> <span class='ocrx_word' id='word_1_268' title='bbox 1021 3747 1059 3808; x_wconf 76' lang='grc' dir='ltr'>τὸ</span> <span class='ocrx_word' id='word_1_269' title='bbox 1082 3746 1213 3824; x_wconf 65' lang='lat' dir='ltr'>aspare</span> <span class='ocrx_word' id='word_1_270' title='bbox 1231 3741 1366 3824; x_wconf 79' lang='grc' dir='ltr'>χρήματα</span> <span class='ocrx_word' id='word_1_271' title='bbox 1382 3744 1424 3808; x_wconf 80' lang='grc' dir='ltr'>είς</span> 
     </span>
     <span class='ocr_line' id='line_1_34' title="bbox 372 3846 1423 3931; baseline -0.005 -20"><span class='ocrx_word' id='word_1_272' title='bbox 372 3846 507 3930; x_wconf 77' lang='grc' dir='ltr'>πτωχοὺς</span> <span class='ocrx_word' id='word_1_273' title='bbox 525 3849 671 3927; x_wconf 58' lang='lat' dir='ltr'>banania,</span> <span class='ocrx_word' id='word_1_274' title='bbox 694 3847 779 3931; x_wconf 85' lang='grc' dir='ltr'>πόσῳ</span> <span class='ocrx_word' id='word_1_275' title='bbox 802 3851 922 3926; x_wconf 79' lang='grc' dir='ltr'>μᾶλλον</span> <span class='ocrx_word' id='word_1_276' title='bbox 948 3850 1035 3910; x_wconf 82' lang='grc' dir='ltr'>τοῦτο</span> <span class='ocrx_word' id='word_1_277' title='bbox 1059 3851 1121 3911; x_wconf 82' lang='grc' dir='ltr'>τοῖς</span> <span class='ocrx_word' id='word_1_278' title='bbox 1144 3846 1317 3909; x_wconf 76' lang='grc' dir='ltr'>ἐπισκόποις</span> <span class='ocrx_word' id='word_1_279' title='bbox 1338 3846 1423 3923; x_wconf 85' lang='grc' dir='ltr'>ὀφεί-</span> 
     </span>
     <span class='ocr_line' id='line_1_35' title="bbox 372 3946 1423 4024; baseline -0.001 -12"><span class='ocrx_word' id='word_1_280' title='bbox 372 3956 476 4021; x_wconf 82' lang='grc' dir='ltr'>λεται;</span> <span class='ocrx_word' id='word_1_281' title='bbox 500 3946 583 4011; x_wconf 84' lang='lat' dir='ltr'>Vult</span> <span class='ocrx_word' id='word_1_282' title='bbox 603 3946 726 4011; x_wconf 86' lang='lat' dir='ltr'>interca</span> <span class='ocrx_word' id='word_1_283' title='bbox 744 3948 766 4010; x_wconf 86' lang='lat' dir='ltr'>J</span> <span class='ocrx_word' id='word_1_284' title='bbox 769 3949 941 4024; x_wconf 87' lang='lat' dir='ltr'>ohnsonns,</span> <span class='ocrx_word' id='word_1_285' title='bbox 956 3970 1013 4012; x_wconf 88' lang='lat' dir='ltr'>nec</span> <span class='ocrx_word' id='word_1_286' title='bbox 1034 3948 1116 4011; x_wconf 91' lang='lat' dir='ltr'>male</span> <span class='ocrx_word' id='word_1_287' title='bbox 1130 3949 1249 4023; x_wconf 83' lang='lat' dir='ltr'>forsan,</span> <span class='ocrx_word' id='word_1_288' title='bbox 1264 3968 1340 4009; x_wconf 79' lang='lat' dir='ltr'>voce</span> <span class='ocrx_word' id='word_1_289' title='bbox 1354 3946 1423 4011; x_wconf 73' lang='grc' dir='ltr'>τοὺς</span> 
     </span>
     <span class='ocr_line' id='line_1_36' title="bbox 311 4047 1422 4134; baseline -0.003 -21"><span class='ocrx_word' id='word_1_290' title='bbox 311 4056 312 4059; x_wconf 73' lang='grc'>’</span> <span class='ocrx_word' id='word_1_291' title='bbox 371 4048 507 4130; x_wconf 76' lang='grc' dir='ltr'>πτωχοὺς</span> <span class='ocrx_word' id='word_1_292' title='bbox 522 4048 581 4111; x_wconf 89' lang='lat' dir='ltr'>hoo</span> <span class='ocrx_word' id='word_1_293' title='bbox 596 4048 666 4111; x_wconf 92' lang='lat' dir='ltr'>loco</span> <span class='ocrx_word' id='word_1_294' title='bbox 680 4047 900 4134; x_wconf 87' lang='lat' dir='ltr'>intelligendos</span> <span class='ocrx_word' id='word_1_295' title='bbox 914 4072 983 4114; x_wconf 89' lang='lat' dir='ltr'>esse</span> <span class='ocrx_word' id='word_1_296' title='bbox 994 4050 1140 4126; x_wconf 87' lang='lat' dir='ltr'>rusticos,</span> <span class='ocrx_word' id='word_1_297' title='bbox 1155 4048 1209 4133; x_wconf 89' lang='lat' dir='ltr'>qui</span> <span class='ocrx_word' id='word_1_298' title='bbox 1224 4070 1290 4133; x_wconf 84' lang='lat' dir='ltr'>prae</span> <span class='ocrx_word' id='word_1_299' title='bbox 1301 4047 1422 4111; x_wconf 88' lang='lat' dir='ltr'>civibus</span> 
     </span>
     <span class='ocr_line' id='line_1_37' title="bbox 371 4147 1420 4238; baseline 0 -26"><span class='ocrx_word' id='word_1_300' title='bbox 371 4151 437 4215; x_wconf 84' lang='lat' dir='ltr'>lere</span> <span class='ocrx_word' id='word_1_301' title='bbox 453 4149 517 4214; x_wconf 91' lang='lat' dir='ltr'>sint</span> <span class='ocrx_word' id='word_1_302' title='bbox 539 4171 703 4234; x_wconf 88' lang='lat' dir='ltr'>pauperes.</span> <span class='ocrx_word' id='word_1_303' title='bbox 750 4153 847 4217; x_wconf 86' lang='lat' dir='ltr'>Certe</span> <span class='ocrx_word' id='word_1_304' title='bbox 865 4154 905 4216; x_wconf 88' lang='lat' dir='ltr'>ad</span> <span class='ocrx_word' id='word_1_305' title='bbox 921 4148 1163 4238; x_wconf 86' lang='lat' dir='ltr'>chorepiscopos</span> <span class='ocrx_word' id='word_1_306' title='bbox 1178 4162 1336 4235; x_wconf 87' lang='lat' dir='ltr'>quatenus</span> <span class='ocrx_word' id='word_1_307' title='bbox 1355 4147 1420 4235; x_wconf 90' lang='lat' dir='ltr'>epi-</span> 
     </span>
    </p>
   </div>
   <div class='ocr_carea' id='block_1_3' title="bbox 370 4252 1418 4443">
    <p class='ocr_par' dir='ltr' id='par_1_4' title="bbox 370 4252 1418 4443">
     <span class='ocr_line' id='line_1_38' title="bbox 372 4252 1418 4341; baseline -0.002 -25"><span class='ocrx_word' id='word_1_308' title='bbox 372 4274 495 4336; x_wconf 89' lang='lat' dir='ltr'>scopos,</span> <span class='ocrx_word' id='word_1_309' title='bbox 511 4274 587 4317; x_wconf 86' lang='lat' dir='ltr'>eura</span> <span class='ocrx_word' id='word_1_310' title='bbox 607 4274 781 4338; x_wconf 85' lang='lat' dir='ltr'>pauperum</span> <span class='ocrx_word' id='word_1_311' title='bbox 805 4254 964 4341; x_wconf 82' lang='lat' dir='ltr'>praecipue</span> <span class='ocrx_word' id='word_1_312' title='bbox 985 4253 1177 4339; x_wconf 81' lang='lat' dir='ltr'>pertinebat.</span> <span class='ocrx_word' id='word_1_313' title='bbox 1221 4252 1260 4317; x_wconf 85' lang='lat'>‘0</span> <span class='ocrx_word' id='word_1_314' title='bbox 1276 4252 1418 4334; x_wconf 80' lang='grc' dir='ltr'>προϊστά-</span> 
     </span>
     <span class='ocr_line' id='line_1_39' title="bbox 370 4354 1418 4443; baseline -0.003 -25"><span class='ocrx_word' id='word_1_315' title='bbox 370 4379 459 4435; x_wconf 85' lang='grc' dir='ltr'>μενος</span> <span class='ocrx_word' id='word_1_316' title='bbox 479 4354 527 4419; x_wconf 85' lang='lat' dir='ltr'>ait</span> <span class='ocrx_word' id='word_1_317' title='bbox 545 4355 708 4439; x_wconf 87' lang='lat' dir='ltr'>apostolus</span> <span class='ocrx_word' id='word_1_318' title='bbox 732 4356 766 4419; x_wconf 79' lang='grc' dir='ltr'>ἐν</span> <span class='ocrx_word' id='word_1_319' title='bbox 788 4358 904 4443; x_wconf 75' lang='grc' dir='ltr'>σπουδῇ</span> <span class='ocrx_word' id='word_1_320' title='bbox 926 4356 959 4419; x_wconf 90' lang='lat' dir='ltr'>in</span> <span class='ocrx_word' id='word_1_321' title='bbox 981 4356 1106 4441; x_wconf 77' lang='grc' dir='ltr'>ορίυίοίο</span> <span class='ocrx_word' id='word_1_322' title='bbox 1127 4377 1185 4419; x_wconf 89' lang='lat' dir='ltr'>sua</span> <span class='ocrx_word' id='word_1_323' title='bbox 1204 4354 1250 4418; x_wconf 80' lang='lat' dir='ltr'>ad</span> <span class='ocrx_word' id='word_1_324' title='bbox 1268 4354 1418 4417; x_wconf 76' lang='lat' dir='ltr'>Romanos</span> 
     </span>
    </p>
   </div>
   <div class='ocr_carea' id='block_1_4' title="bbox 0 0 1626 5150">
    <p class='ocr_par' dir='ltr' id='par_1_5' title="bbox 0 0 1626 5150">
     <span class='ocr_line' id='line_1_40' title="bbox 0 0 1626 5150; baseline 0 2"><span class='ocrx_word' id='word_1_325' title='bbox 0 0 1626 5150; x_wconf 95' lang='lat' dir='ltr'> </span> 
     </span>
    </p>
   </div>
  </div>
 </body>
</html>
