3242 5150
372 409 435 472 142
724 395 1081 466 ANNOTATIONES

379 577 491 647 αὐτοὺς,
519 573 538 654 ip
564 571 791 656 ἀγνοουμένους,
823 573 868 634 δτι
898 569 1076 650 Χριστιανοί
1098 567 1166 638 εἰσι,
1192 563 1299 643 δήλους
1322 563 1431 630 αὐτοὺς

379 675 498 754 θίμενοι
522 680 585 740 τοῖς
610 674 752 747 διόκτοις,
775 672 843 738 τοὺς
864 671 1014 735 τοιούτους
1034 664 1229 751 ᾧκουόμησαν
1250 667 1279 728 ei
1300 664 1430 744 πατέρες

379 780 445 860 τρία
458 779 515 858 μὲν
530 777 580 856 ἔτη
596 778 630 839 ἔν
645 773 786 856 ἀκροάσει
800 779 965 854 πληρῶσαι,
982 768 1066 834 ε’κτδς
1080 774 1132 830 τοῦ
1155 771 1229 830 ναοῦ
1251 765 1430 842 ἱσταμένους

380 883 413 944 ἐν
427 883 468 966 τιγῖ
483 878 614 963 προνάῳ,
628 877 659 956 ἓξ
674 879 706 940 δὲ
722 877 813 950 άλλα,
825 878 858 939 ἐν
872 875 1042 938 ύποπτιύσει
1053 875 1218 952 διαγαγεῖν,
1231 870 1280 932 καὶ
1289 868 1430 931 ἐνιαυτόν

379 984 482 1063 ἔτερον
494 984 671 1058 κοινωνῆσαι
681 984 740 1042 τῶν
753 979 848 1060 εύχῶν
856 983 918 1043 τοῖς
926 980 1051 1049 πιστοῖς,
1064 972 1112 1036 καὶ
1122 975 1197 1051 μετὰ
1206 971 1260 1043 τὴν
1271 971 1428 1034 δεκαετίαν

378 1085 487 1162 ταύτην
507 1087 672 1163 μετασχεῖν
693 1085 746 1143 τοῦ
764 1079 892 1141 τελείου.
916 1079 950 1139 ἔν
968 1078 1000 1139 δὲ
1019 1079 1058 1160 τῷ
1075 1075 1174 1157 χρόνῳ
1192 1073 1297 1154 τούτῳ,
1317 1074 1357 1156 τῶ
1374 1074 1428 1148 τής

376 1184 535 1265 μετανοίας
558 1184 653 1246 αι’πῶν
676 1183 824 1261 δηλονότι,
849 1179 936 1261 φασί,
960 1177 1018 1259 χρὴ
1044 1177 1092 1240 καὶ
1120 1175 1173 1238 τὸν
1202 1175 1300 1237 ἄλλον
1328 1173 1428 1235 αὐτῶν

378 1288 578 1366 ἑπιτηρεῖσθαι
592 1285 672 1364 βίον.
696 1286 723 1347 εί
736 1286 794 1365 γὰρ
808 1278 952 1361 άμελῶςῆ
965 1281 1013 1342 καὶ
1027 1283 1207 1356 πλημμελῶς
1216 1279 1427 1357 διαγνωσθεῖσι

378 1387 491 1466 ζῶντες,
508 1386 717 1466 ἐπιταθήσεται
731 1386 838 1466 χρόνος
853 1389 911 1445 τῶν
927 1383 1078 1458 ἐπιτιμίων
1092 1380 1198 1443 αὐτῶν.

793 1548 945 1614 ΟΑΝΟΝ
969 1548 1015 1611 Χ.

421 1687 457 1748 Ρ.
478 1687 525 1752 18.
538 1687 557 1750 l.
575 1705 621 1770 13.
639 1685 949 1768 disseminante]
967 1684 1136 1747 Aristenus
1151 1680 1184 1742 in
1199 1679 1339 1743 Scholia:
1363 1677 1425 1740 Ού-

376 1790 456 1854 τοςό
473 1789 570 1852 κανῶν
589 1791 754 1869 διαγορεύει
768 1788 822 1851 τὸν
841 1787 898 1868 πρὸ
918 1794 969 1865 τῆς
983 1785 1166 1869 χειροτονίας
1180 1781 1425 1863 προμορτυρησά-

375 1912 468 1966 μενον
490 1891 529 1971 τῷ
552 1888 702 1971 ἑπισκόπῳ
723 1885 764 1966 μή
784 1888 928 1950 δύνασθαι
948 1887 1151 1966 παρθενεύειν,
1172 1883 1240 1947 ἀλλ’
1262 1886 1304 1949 εἰς
1326 1881 1425 1964 γάμου

375 1989 544 2066 βούλεσθαι
560 1989 715 2050 κοινωνίαν
731 1989 843 2063 ἐλθεῖν,
857 1988 897 2065 μὴ
912 1989 1089 2062 κωλύεσθαι,
1105 1987 1152 2049 καὶ
1166 1990 1241 2064 μετὰ
1254 1984 1308 2062 τὴν
1322 2010 1421 2067 χειρο-

376 2090 479 2152 τονίαν
494 2091 535 2156 είς
549 2087 647 2171 γάμον
663 2090 814 2171 ἔρχεσθαι,
832 2090 879 2152 καὶ
892 2090 994 2167 μένειν
1007 2090 1055 2151 ἐπὶ
1073 2093 1125 2166 τῆς
1142 2091 1229 2166 αὐτῆς
1249 2090 1332 2154 αὖθις
1347 2090 1421 2167 ύπη-

375 2191 479 2272 ρεσίας
492 2215 525 2253 τε
542 2191 589 2253 καί
603 2193 694 2269 τιμῆς.
723 2189 778 2253 τὸν
798 2193 830 2253 δὲ
851 2189 1052 2268 σιωπήσαντα,
1070 2192 1118 2253 καὶ
1136 2190 1374 2268 καταδεξάμενον
1388 2192 1423 2252 ίν

375 2293 411 2378 τῇ
433 2295 600 2377 χειροτονίᾳ
622 2293 738 2376 ἄγαμον
760 2293 863 2372 μένειν
887 2296 937 2370 τῆς
960 2293 1108 2359 διακονίας
1133 2297 1313 2368 πεπαῦσθαι,
1340 2295 1423 2373 εἴπερ

374 2398 450 2474 μετδ
473 2401 559 2460 τοῦτο
583 2395 678 2477 γάμου
703 2398 783 2482 νόμῳ
806 2399 923 2479 γυναικὶ
949 2401 1100 2483 συναφθῇ.
1132 2398 1213 2475 πλὴν
1236 2401 1275 2482 τῷ
1298 2399 1423 2477 παρόντι

377 2501 479 2562 κανόνι
501 2499 660 2562 άντίκειται
680 2501 696 2562 ό
719 2501 801 2566 ίκτος
823 2502 919 2564 κανὼν
937 2504 987 2579 τῆς
1009 2501 1092 2577 ἕκτης
1114 2503 1251 2575 συνόδου,
1266 2500 1306 2579 μὴ
1327 2524 1422 2580 παρα-

374 2607 480 2685 χωρῶν
495 2604 571 2671 όλως
586 2604 625 2688 τῷ
641 2606 819 2684 προελθόντι
834 2602 947 2687 θγάμιρ,
964 2604 1006 2668 είς
1020 2603 1224 2674 ύποδιοκόνου,
1240 2600 1258 2680 ἢ
1273 2604 1421 2675 διακόνου,

374 2698 392 2781 ἢ
414 2704 618 2785 πρεσβυτέρου
639 2703 768 2784 βαθμόν,
792 2708 867 2785 μετὰ
891 2704 944 2782 τὴν
968 2705 1155 2786 χειροτονίαν
1178 2704 1306 2784 γαμικὸν
1328 2705 1421 2789 ἑαυτῷ

375 2805 521 2888 σννιστᾷν
544 2808 743 2870 ουνοικείσον·
778 2809 860 2870 θλλδ
884 2807 936 2870 τὸν
959 2812 1045 2868 τοῦτο
1069 2806 1262 2885 τολμήσαντα
1287 2811 1418 2885 ποιῆσαι,

375 2906 600 2984 διαταττόμευος
612 2913 824 2989 καθαιρεῖσθαι·
841 2910 889 2971 καὶ
900 2910 1026 2988 κροτεῖό
1038 2910 1135 2971 κανὼν
1144 2911 1266 2983 ἐκεῖνος,
1278 2911 1325 2973 καὶ
1336 2911 1422 2977 οὗτος

374 3003 496 3086 ἤργησε.
522 3004 645 3085 Monet,
662 3008 756 3093 idque
772 3010 877 3073 animo
892 3010 1025 3086 lubenti,
1038 3010 1076 3074 el.
1093 3010 1304 3085 Whartonus,
1322 3033 1426 3095 qnan-

375 3126 470 3189 quam
485 3106 551 3191 ipse
566 3109 693 3185 ooelebs,
710 3110 742 3173 in
760 3110 865 3174 libello
881 3134 939 3175 suo
957 3112 1093 3197 Anglioa
1112 3112 1220 3197 lingue
1240 3114 1420 3198 consotipto

373 3206 424 3271 De
441 3206 587 3272 celibatu
604 3210 687 3274 Cleri
700 3233 771 3295 pag.
792 3230 842 3292 79.
888 3211 1076 3276 Aristonum
1091 3214 1123 3277 in
1138 3218 1348 3280 οουιαιοιιιαιόο
1362 3240 1420 3282 suo

373 3308 406 3373 in
421 3310 579 3375 Cononem
593 3312 680 3377 illum
700 3315 846 3401 quintum
863 3316 992 3379 Consilii
1009 3317 1189 3396 Qeisisesti,
1211 3319 1420 3404 amplificasse

373 3410 510 3477 Uononis
524 3413 618 3499 hujus
635 3417 796 3502 Anoymni
812 3418 1048 3502 permissionem
1063 3420 1105 3483 ad
1120 3421 1332 3506 presbyteros,
1343 3423 1419 3486 dum

372 3513 502 3599 legeret,
519 3521 718 3600 πρεσβύτεροι
737 3518 755 3599 ἢ
773 3521 913 3585 διάκονοι.
958 3521 1050 3603 Quod
1074 3523 1201 3606 quidem
1221 3547 1329 3589 verum
1346 3534 1430 3599 θείς·

371 3616 427 3679 sed
443 3618 610 3684 manifesto
625 3644 732 3687 errore
746 3623 778 3687 id
794 3624 914 3688 factum
928 3624 970 3689 eb
988 3624 1140 3688 Aristono
1156 3626 1209 3691 illo
1223 3627 1293 3690 loco
1307 3627 1418 3700 fuisse,

372 3738 435 3780 non
447 3725 573 3785 tentum
585 3722 639 3787 alii
650 3746 758 3789 omnes
770 3733 1049 3802 commentatores,
1060 3728 1159 3792 sedet
1170 3728 1237 3812 ipse
1247 3730 1417 3793 Aristenus

371 3818 404 3881 in
417 3820 536 3900 οσίιοίίο,
552 3826 635 3908 quod
651 3826 701 3891 hio
716 3828 816 3912 posui,
840 3828 990 3893 ostendit.
1036 3828 1137 3893 Porro
1154 3831 1341 3915 presbytero
1363 3833 1416 3915 qui

370 3930 443 4007 post
464 3925 696 3994 ordinationem
716 3932 847 3996 dueeret
867 3954 1007 4009 uxorem,
1023 3932 1252 4016 depositionem
1271 3934 1412 4000 intermi-

370 4032 467 4090 natus
495 4036 546 4091 est
575 4036 627 4093 τοῦ
656 4036 826 4115 συγχρόνου
858 4034 987 4099 Οοιιοὶίίῖ
1020 4036 1276 4101 Νοοσεσοοτίοιιιόι
1305 4038 1415 4102 Conon

370 4126 501 4211 primus,
517 4150 610 4214 quem
628 4131 711 4195 inim
728 4134 863 4199 daturus
883 4158 962 4201 sum.
1008 4136 1229 4202 Differentiam
1251 4138 1374 4203 interea
1395 4163 1416 4203 ιι

370 4230 483 4294 ceteris
505 4232 738 4317 exemptionibus
754 4235 839 4301 eirea
859 4238 1063 4303 dineonomm
1083 4242 1274 4326 eonjugium,
1291 4264 1359 4325 quae
1383 4242 1415 4304 in

372 4333 527 4399 θαοοιιιιοι
556 4336 737 4403 Latinorum
764 4340 870 4404 Οοόῖοο
894 4365 915 4406 ιι
940 4342 977 4406 el.
1006 4342 1174 4424 Quosnelio
1197 4343 1294 4427 edito,
1318 4359 1415 4429 atque
