3242 5150
382 412 542 478 GESTA
567 414 699 478 APUD
723 409 1058 478 ZENOPHILUM.
1180 413 1245 477 325

197 597 215 618 ¹·
234 584 325 648 Felix
339 583 455 650 damen
469 592 642 670 perpetuus
661 592 792 649 curator
810 583 939 649 Euticic
959 583 1059 648 dixit:
1086 579 1246 646 Professio

197 708 216 729 “
232 703 291 761 tua
304 695 386 762 actis
400 696 510 761 hoeret
548 695 680 760 Etcum
694 700 825 761 ventum
838 695 951 760 fuisset
965 695 1007 759 ad
1022 694 1151 758 domum
1162 691 1247 758 Cod-

197 817 216 839 ''
231 806 353 882 dennis,
367 803 503 890 protulit
519 825 600 868 uxor
613 805 682 890 ejus
695 804 820 869 codices
835 825 902 869 sex.
939 803 1031 869 Felix
1046 803 1162 868 flsmen
1176 823 1248 888 per·

197 927 216 950 ¹*
232 923 348 1001 petuus
362 922 493 981 curator
502 914 683 1001 reipublice
694 914 794 980 dixit:
812 914 936 996 Quaere,
948 934 989 978 ne
1000 913 1071 998 plus
1081 912 1247 988 habeatis3

197 1038 217 1061 ·‘
232 1027 348 1112 profer.
380 1026 499 1092 Mulier
511 1026 694 1112 respondit:
717 1026 791 1091 Non
804 1025 919 1090 habeo.
943 1023 1037 1089 Felix
1047 1023 1162 1088 flamen
1177 1043 1249 1110 per·

198 1144 350 1220 “petuas
364 1145 495 1202 curator
512 1135 694 1221 reipublicae
709 1135 790 1200 Bovi
809 1155 901 1200 servo
920 1133 1047 1220 publico
1067 1134 1168 1200 dixit:
1194 1135 1248 1198 In-

197 1258 217 1280 “
233 1254 296 1325 trs,
319 1254 355 1312 et
374 1267 492 1332 qnaere,
512 1266 554 1309 ne
574 1245 648 1330 plus
666 1244 795 1309 habeat.
842 1245 958 1308 Servus
979 1243 1124 1330 publicus
1145 1243 1247 1309 dixit:

198 1368 218 1391 '¹
234 1355 385 1436 Quaesivi,
400 1365 435 1420 et
448 1376 513 1418 nou
527 1353 641 1418 inveni.
688 1352 780 1416 Felix
795 1352 912 1418 flamen
930 1359 1104 1438 perpetuus
1118 1361 1249 1418 curator

199 1479 219 1500 “
235 1464 416 1551 reipublicae
439 1463 614 1540 Victorino,
638 1461 777 1540 Silvano,
791 1470 826 1526 et
848 1461 969 1528 caroso
991 1461 1090 1531 dixit:
1114 1461 1148 1526 Si
1171 1462 1248 1546 quid

197 1586 217 1656 ‘f
234 1575 338 1638 minus
359 1573 480 1638 iactum
499 1570 605 1646 suerit,
627 1594 684 1638 vcs
702 1571 861 1658 contingit
881 1571 1084 1657 pesculum?
1127 1572 1249 1654 Quibus

197 1683 297 1760 lectis,
313 1682 508 1767 Zenophilns
522 1683 560 1746 V.
573 1683 613 1746 C.
628 1680 804 1746 consularis
826 1679 946 1745 Victori
965 1680 1064 1745 dixit:
1087 1679 1249 1747 confitere

197 1793 392 1880 simpliciter.
437 1793 550 1858 Victor
571 1791 754 1877 respoudit:
777 1789 850 1855 Non
872 1791 918 1856 sui
939 1813 1088 1876 praesens.
1126 1791 1248 1856 Nundi-

196 1903 305 1969 narius
315 1904 469 1970 diaconus
477 1903 575 1969 dixit:
594 1902 748 1988 Legimus
756 1901 908 1990 epistolas
916 1901 1135 1987 epicoporum
1145 1903 1249 1968 factas

195 2034 217 2078 a
231 2013 377 2077 Forte*:
400 2020 434 2077 et
448 2013 526 2100 legit
540 2013 703 2098 exemplar
716 2011 814 2077 libelli
829 2011 942 2077 traditi
958 2011 1114 2098 episcopis
1126 2035 1147 2077 s
1161 2011 1248 2078 Nun·

196 2125 320 2190 dinario
334 2124 478 2189 diacono.
526 2132 546 2162 “
559 2123 666 2190 Testis
679 2129 731 2189 est
743 2124 891 2190 Christus
905 2131 940 2188 et
959 2123 1063 2209 angeli
1078 2123 1156 2212 ejus,
1172 2145 1249 2210 quo-

197 2235 320 2299 “niam
340 2235 542 2300 tradiderunt
557 2235 672 2320 quibus
692 2233 960 2311 communicastis,
974 2233 1007 2297 id
1027 2241 1086 2311 est,
1104 2233 1249 2298 Silvanus

198 2356 218 2379 “
234 2367 256 2409 a
269 2343 361 2410 Cirta
374 2344 515 2409 traditor
529 2352 590 2419 est,
604 2351 639 2408 et
655 2344 707 2408 fur
720 2365 827 2408 rerum
841 2365 1027 2430 pauperum.
1072 2343 1167 2421 Quod
1182 2365 1248 2407 om-

199 2465 291 2518 “nes
305 2475 363 2518 vos
376 2453 526 2539 episcopi,
543 2453 731 2539 presbyteri,
752 2453 912 2529 diacones,
937 2453 1085 2530 seniores,
1102 2453 1201 2530 scitis,
1215 2460 1249 2518 et

198 2565 274 2629 “de
303 2565 545 2651 quadringentis
575 2564 733 2639 Mollibus
756 2563 886 2630 Lucilloe
912 2563 1093 2629 clarissimae
1113 2562 1247 2643 iemiuae,

199 2683 219 2705 ‘³
234 2675 249 2758 ss
262 2681 320 2760 pro
332 2695 396 2758 quo
411 2674 500 2739 vobis
514 2673 706 2760 conjurastis
718 2681 757 2738 ut
770 2674 863 2738 fieret
875 2673 1055 2758 Major-inus
1065 2673 1248 2759 episcopus:

200 2794 220 2818 “
236 2790 270 2849 et
284 2783 357 2847 inde
377 2784 496 2849 iactum
518 2792 570 2847 est
589 2783 735 2847 schisma
780 2782 865 2847 Nam
885 2790 920 2847 et
936 2783 1046 2849 Victor
1060 2783 1137 2847 fullo
1151 2782 1249 2849 vestri

200 2906 220 2929 '⁸
237 2896 407 2980 praescutis
430 2903 465 2960 et
491 2894 598 2981 populi
620 2894 710 2959 dedit
727 2894 818 2960 folles
839 2893 951 2981 viginti
974 2902 1013 2959 ut
1035 2895 1141 2959 factus
1164 2902 1248 2959 esset

200 3017 219 3040 ‘⁴
236 3004 412 3091 presbyter.
444 3005 538 3084 Quod
558 3005 620 3070 scit
634 3004 781 3071 Christus
794 3012 829 3069 et
850 3004 952 3090 angeli
969 3004 1069 3092 ejus.”
1113 3004 1158 3070 Et
1172 3004 1249 3069 reci-

197 3124 305 3182 tatum
318 3124 370 3182 cst
380 3116 559 3202 exemplum
571 3114 724 3201 epistclm.
761 3124 779 3154 “
794 3117 813 3199 ξ
827 3116 1001 3201 Purpurius
1013 3116 1178 3201 episcopus
1190 3116 1249 3181 sil-

199 3234 218 3263 “
233 3248 315 3291 vanc
330 3225 518 3312 coepiscopo
532 3226 564 3289 iu
580 3226 720 3292 Domino
734 3225 880 3291 sulutem.
927 3227 1021 3293 Venit
1035 3228 1077 3293 ad
1093 3248 1143 3292 me
1161 3227 1249 3292 Nun-

197 3336 379 3401 “dinarius
407 3337 560 3402 diaconus
588 3336 673 3402 filius
701 3345 823 3417 noster,
853 3346 887 3403 et
915 3338 1010 3423 petiit
1038 3337 1097 3402 has
1125 3334 1250 3403 litteras

198 3446 475 3532 “deprecatorias
494 3468 516 3512 a
536 3468 588 3512 me
609 3448 651 3512 ad
673 3454 717 3522 te,
733 3448 943 3525 sanctissime,
963 3447 1141 3533 dirigerem,
1164 3455 1202 3513 ut
1223 3448 1249 3512 si

199 3564 219 3594 “
233 3555 301 3621 fieri
325 3564 444 3643 posset,
458 3580 524 3643 pax
546 3558 630 3625 inter
648 3566 683 3623 te
703 3566 738 3623 et
759 3559 862 3644 ipsum
881 3558 933 3625 sit.
977 3558 1053 3624 Hoc
1074 3558 1158 3623 enim
1179 3559 1250 3624 volo

199 3675 219 3705 ‘⁴
233 3668 312 3746 ficri,
328 3675 366 3733 ut
388 3689 481 3732 nemo
503 3669 585 3733 sciat
599 3668 675 3754 quid
697 3668 782 3735 inter
802 3691 862 3733 nos
882 3681 1008 3755 agatur.
1054 3669 1088 3734 Si
1103 3669 1249 3747 volueris,

146 3760 153 3765 ¹
198 3785 220 3818 “
235 3779 355 3863 scripto
370 3787 428 3844 tuo
444 3778 595 3865 ⁴¹agatur,
610 3787 649 3844 ut
668 3785 703 3844 ct
716 3800 777 3863 ego
790 3779 877 3845 solus
897 3780 966 3845 eibi
988 3780 1021 3845 in
1043 3802 1079 3843 rs
1100 3780 1249 3867 praesenti

199 3897 220 3928 ‘⁴
235 3889 373 3968 renim,
388 3896 424 3955 et
445 3889 672 3955 dissensionem
693 3888 798 3974 ipsam
819 3890 879 3953 ‘dc
897 3890 1056 3955 intervos
1076 3898 1249 3976 amputem.

230 4058 323 4123 ⁶(scr.
334 4061 431 4119 cecidit,
442 4061 583 4125 strsliquia
623 4062 675 4110 th.
686 4062 756 4122 tussa
763 4078 823 4125 puy.
834 4061 903 4127 327.)
1040 4062 1175 4128 †(Fcllem
1185 4064 1250 4113 dccet

198 4156 248 4189 esso
260 4153 308 4202 250
316 4142 431 4191 denarios
441 4144 585 4192 armum
597 4144 646 4193 eid.
658 4142 786 4208 Iudicem.)
906 4146 919 4202 1
930 4144 996 4211 (scr.
1007 4160 1051 4208 pro
1061 4146 1149 4208 quibus
1159 4146 1249 4207 conju,

200 4223 245 4283 cel,
256 4238 413 4285 proqucvos
423 4226 506 4286 conju.
517 4232 638 4287 stpcstcs,
650 4224 890 4289 vestraprcvestri.)
1040 4227 1223 4291 §tPurpm-tus
1234 4243 1272 4285 α,

199 4303 307 4351 um.
331 4303 387 4351 vid.
398 4306 430 4353 ds
439 4320 469 4353 so
478 4304 505 4353 in
516 4308 584 4354 Actis
597 4308 698 4356 Conddis'
711 4307 848 4370 cumas.)

272 4410 366 4473 ‘'isw-
379 4410 518 4474 adigetur.)
652 4411 842 4475 ²(Vidi1ffss)
990 4412 1000 4451 ¹
1010 4410 1072 4475 (scr.
1085 4410 1174 4473 dou.)
