3242 5150
454 413 728 476 CONCILIUM
753 415 1017 478 ROMANUM.
1196 415 1260 478 283

210 590 243 647 et
263 582 375 647 scribae
400 583 551 668 lugentii,
567 592 602 648 et
624 584 748 649 Solonis
770 584 911 651 officialis
928 585 1047 671 publici
1066 585 1164 678 ipsius
1183 596 1262 650 tem·

211 694 305 778 poris.
334 694 415 758 Post
426 714 563 779 quorum
576 716 879 782 responsa‚asupra
888 704 1066 761 memorato
1077 697 1264 782 proconsule

210 805 279 869 lraec
295 827 369 890 pars
384 805 551 869 sententia
567 804 654 871 dicta
668 814 735 871 est:
763 806 937 871 “Felicem
958 814 1066 872 autem
1081 807 1261 892 religiosum

213 923 231 953 ‘⁶
247 914 440 1000 episcopum,
468 915 602 980 liberum
628 937 697 980 esse
721 917 763 980 ab
789 916 956 982 exustione
980 917 1263 981 instrumentorum

212 1025 452 1090 “manifestum
472 1033 531 1102 cst,
550 1047 622 1088 cum
645 1047 738 1089 nemo
760 1024 792 1089 iu
815 1048 887 1090 eum
909 1026 1027 1112 aliquid
1049 1029 1184 1113 probare
1206 1049 1264 1112 po-

213 1144 234 1176 “
249 1138 357 1214 tuerit,
374 1137 458 1221 quod
472 1135 722 1222 religiosissimas
736 1137 911 1222 scripturas
926 1138 1095 1204 tradiderit
1110 1139 1158 1204 vel
1171 1161 1262 1202 exus·

213 1255 234 1283 ‘⁶
245 1247 332 1312 serit.
360 1248 510 1312 Omnium
521 1245 605 1310 enim
615 1247 636 1286 ¹*
644 1247 853 1331 interrogatio
865 1248 1151 1334 suprascriptorum
1163 1249 1263 1313 mani-

212 1366 235 1396 “
249 1357 524 1437 rosaemannus
544 1356 718 1442 scripturas
733 1357 871 1435 deificas,
886 1359 935 1422 vel
956 1359 1111 1438 inventas,
1125 1359 1174 1422 vel
1192 1380 1261 1423 cor-

212 1474 234 1505 “
249 1475 373 1553 ruptas,
390 1467 438 1532 vel
461 1467 606 1531 incensas
628 1466 734 1531 luisse.
780 1467 853 1531 Hoc
871 1467 952 1532 actis
972 1467 1163 1545 continetur,
1178 1467 1263 1551 quod

214 1578 344 1643 “Felix
366 1583 532 1665 episcopus
554 1577 729 1663 religiosus,
752 1577 813 1642 illis
834 1578 1039 1662 temporibus,
1061 1600 1162 1662 nequa
1185 1600 1264 1664 prae-

214 1696 238 1727 “
253 1711 325 1752 sens
343 1690 450 1765 luerit,
472 1711 574 1774 neque
593 1688 819 1754 conscientiam
841 1688 1139 1764 accommodaverit,
1162 1710 1264 1774 neque

213 1799 371 1884 “aliquid
392 1800 457 1864 talc
479 1799 548 1864 lieri
568 1799 733 1883 jusserit.”
776 1799 874 1862 Unde
897 1798 989 1883 pulsa
1011 1805 1110 1882 atque
1136 1808 1265 1864 extersa

212 1905 355 1984 infamia,
371 1929 444 1971 cum
458 1907 581 1991 ingenti
595 1907 690 1972 laude
705 1909 746 1971 de
760 1907 814 1970 illo
825 1907 946 1991 judicio
960 1907 1102 1971 recessit.

660 2107 845 2140 ⁴*—

709 2249 769 2312 lv.

254 2351 302 2408 Ex
328 2350 494 2408 Collationir
515 2352 656 2426 Cnrtlrng.
680 2352 856 2429 cognitione
871 2351 912 2409 iii.
933 2373 995 2432 cap.
1012 2371 1078 2428 223.
1095 2375 1145 2412 seu
1165 2354 1263 2434 potius

213 2466 249 2504 ex
264 2446 367 2526 capitis
380 2444 460 2505 illius
474 2447 571 2510 titulo.
587 2449 637 2525 qui
658 2447 737 2506 solus
755 2459 896 2526 superest,
913 2460 1003 2527 patet,
1019 2469 1070 2528 per
1087 2449 1217 2508 triduum
1232 2450 1263 2507 in

212 2541 268 2602 hoc
282 2543 413 2603 coneilio
428 2545 561 2603 Romano
575 2543 722 2604 Caeciliani
736 2565 851 2603 causam
869 2555 961 2604 actam
973 2545 1071 2604 fuisse.
1115 2544 1263 2605 Tradidit·

215 2660 281 2717 que,
295 2661 361 2720 quae
374 2641 422 2700 hic
432 2651 605 2719 sequuntur,
616 2641 645 2698 ia
660 2640 735 2699 libro
746 2641 834 2698 tertio
844 2640 992 2698 Breciculi
1006 2642 1174 2700 Collationir
1189 2642 1263 2700 Car·

214 2738 293 2817 llrug.
308 2738 403 2817 capite
413 2738 463 2795 xii.
479 2742 503 2808 t.
515 2757 562 2810 24.
578 2758 607 2817 p.
618 2736 686 2812 385.
701 2736 748 2795 ed.
764 2736 888 2795 Amstel.
905 2736 935 2795 S.
948 2737 1153 2815 Augustinus:

258 2834 371 2900 Arous
389 2830 464 2895 inde
477 2854 517 2895 ex
538 2831 648 2895 ordine
662 2831 725 2916 legi
745 2830 844 2915 coepit
862 2831 959 2895 ctiam
975 2830 1164 2917 Episcopale
1181 2832 1264 2916 judi-

214 2934 297 2997 cium
326 2932 517 2999 Melchiadis
547 2932 683 2997 Romani
713 2932 853 3017 episcopi
879 2940 913 2996 et
937 2933 1082 3009 aliorum,
1111 2956 1182 2998 cum
1212 2932 1266 2996 illo

215 3035 381 3101 Gallorum
396 3042 431 3100 et
451 3036 606 3100 Italorum
628 3034 858 3120 Episcoporum
879 3035 912 3098 in
928 3036 1039 3100 eadem
1060 3037 1139 3101 urbe
1154 3035 1265 3101 Romae

214 3139 345 3203 iactum.
390 3138 492 3224 Cujus
502 3136 614 3222 judicii
631 3137 734 3222 prima
750 3143 851 3221 parte,
868 3136 900 3201 id
916 3146 965 3202 est
979 3138 1079 3223 gestis
1094 3138 1187 3223 primi
1204 3138 1267 3203 diei

214 3240 369 3317 recitatis,
385 3239 439 3303 ubi
454 3246 656 3304 accusatores
671 3238 843 3315 Caeciliani,
856 3240 910 3325 qui
922 3240 1008 3305 missi
1020 3240 1158 3317 fuerant,
1171 3262 1266 3326 nega-

214 3349 329 3406 verunt
343 3364 377 3405 sa
393 3342 510 3405 habere
525 3343 609 3427 quod
624 3342 658 3405 in
673 3364 745 3405 eum
760 3341 922 3414 dicerent;
939 3343 993 3405 ubi
1006 3343 1103 3407 ctiam
1118 3344 1267 3408 Donatus

215 3466 236 3508 a
257 3443 347 3509 Oasis
369 3442 479 3527 Nigris
500 3443 533 3506 in
556 3442 705 3529 praesenti
730 3442 892 3507 convictus
919 3450 978 3519 est,
1003 3443 1106 3506 adhuc
1133 3443 1267 3508 diacono

215 3543 384 3611 (laeciliano
398 3544 535 3610 schisma
554 3544 665 3609 fecisse
685 3544 889 3629 Carthagine,
907 3545 946 3608 de
961 3544 1165 3630 Carthaginis
1183 3546 1266 3610 enim

215 3648 385 3712 schismate
411 3656 526 3710 exorta
547 3654 597 3711 est
618 3647 769 3710 adversus
791 3646 955 3709 ecclesiam
977 3645 1166 3711 catholicam
1192 3669 1267 3732 pars

216 3748 356 3820 Donati;
381 3748 435 3812 nbi
450 3748 547 3811 etiam
569 3748 784 3833 promiserunt
803 3748 899 3811 iidem
917 3748 1090 3812 adversarii
1106 3749 1266 3814 Oaeciliani

214 3851 278 3916 alio
299 3852 351 3915 die
373 3873 407 3915 se
431 3858 726 3937 repraesentaturos,
751 3872 832 3935 quos
852 3872 956 3914 causae
979 3852 1173 3915 necessarios
1196 3852 1268 3916 sub·

215 3953 350 4018 traxisse
364 3952 602 4037 arguebantur;
624 3961 658 4020 ct
673 3954 734 4018 hoc
750 3951 885 4025 mentiti,
902 3952 1036 4016 ulterius
1051 3953 1094 4017 ad
1112 3952 1267 4038 judicium

215 4051 366 4116 accedere
379 4050 558 4117 noluerunt.

248 4180 264 4208 θ
278 4179 342 4239 (sor.
354 4177 543 4239 interrogatione
560 4178 776 4241 suprascriptomru
792 4176 974 4225 marriiestatum
988 4186 1032 4225 est.
1062 4176 1122 4223 lllox
1134 4188 1269 4238 sequuntur

216 4258 267 4321 ipsa
277 4261 352 4309 Geato
359 4260 518 4318 Pur-palme
525 4260 613 4307 ruico
621 4275 644 4322 p.
656 4272 711 4319 ²94
721 4262 747 4306 ἐπ
755 4260 842 4321 aarum
850 4258 1005 4306 Balaaiurat
1016 4260 1123 4307 Concilio
1134 4256 1268 4306 tabentiu-

216 4340 347 4403 rerrogutio
354 4338 516 4401 suprucmpta
526 4340 681 4388 manifestata
691 4350 735 4399 est,
747 4347 776 4386 at
787 4345 888 4399 retroque
898 4340 946 4387 loco
954 4338 1069 4387 coucilia
1097 4337 1166 4385 Cous.
1177 4354 1200 4401 p.
1211 4337 1266 4399 287.

216 4420 233 4467 l.
247 4420 297 4483 ac.)

701 4506 718 4544 0
734 4505 753 4544 0
770 4502 786 4544 2
