3242 5150
372 403 439 466 222
460 403 696 468 JUSTELLI
721 405 785 468 ΕΤ
809 406 1075 472 BEVEREGII
1098 407 1382 474 ANNOTATT.

372 575 462 634 bardo
482 575 576 636 editas
597 597 661 656 pag.
676 593 722 652 77.
737 589 768 638 et
784 580 833 637 80.
847 579 919 639 edit.
941 580 1109 660 cantabrig.
1132 602 1179 640 an.
1196 583 1283 656 1644.
1297 582 1368 642 item
1390 582 1423 641 in

373 671 496 731 Henrici
517 672 686 752 Spelmauni
705 675 817 735 Coucil.
832 678 933 735 tomi.
948 697 1014 756 pag.
1023 677 1094 751 46ι.
1109 689 1140 738 et
1153 679 1224 753 466.
1239 680 1310 739 edit.
1324 680 1422 739 Lond.

371 789 418 829 an.
434 770 520 846 1639.
543 770 710 832 Buranun.
736 773 890 848 [wilkins.
907 775 1041 842 Concilio,
1055 797 1105 856 pp.
1118 796 1186 853 232.
1198 781 1282 855 ²34]

758 951 911 1013 CANON
932 953 1040 1013 XVII.

418 1062 452 1120 P.
466 1081 533 1120 ινα.
549 1060 569 1122 l.
583 1078 631 1137 17.
653 1066 689 1123 ds
707 1068 767 1124 τοὺς
779 1069 991 1143 χειμαζομένους]
1008 1068 1055 1128 De
1068 1069 1115 1128 his
1127 1070 1224 1129 fusius
1233 1072 1422 1130 commentati

372 1179 473 1219 sumus
487 1161 516 1217 in
531 1161 768 1221 annotationibus
786 1162 822 1221 ad
837 1164 1023 1223 undecimum
1039 1184 1178 1224 canonem
1196 1167 1297 1246 primae
1311 1166 1421 1245 Synodi

372 1261 582 1328 OEcumenicae,
603 1261 711 1321 Nicaea
732 1259 848 1329 habite,
862 1280 935 1338 quas
948 1261 1099 1322 consulas:
1123 1263 1171 1322 hio
1185 1263 1303 1322 interim
1323 1264 1421 1322 obser·

372 1377 483 1424 namus,
496 1357 695 1417 Balsamonem
711 1358 788 1416 iuter
798 1368 829 1415 et
839 1357 982 1416 Zonaram
996 1360 1161 1428 convenire,
1173 1359 1330 1420 nonnullos
1343 1381 1420 1420 asse·

372 1473 485 1512 vetasse
503 1459 701 1527 χειμαζομένους
718 1454 774 1514 hoc
796 1455 827 1512 in
845 1454 910 1514 loco
923 1456 1039 1514 eosdem
1059 1477 1122 1516 esse
1134 1468 1224 1535 atque
1238 1459 1420 1529 δαιμονῶντας.

372 1551 461 1622 Quod
475 1572 541 1611 cnm
562 1549 687 1611 Alexius
706 1550 864 1612 Aristonus
877 1554 1041 1620 asseruerit,
1057 1554 1118 1612 veri
1138 1553 1241 1612 saltem
1256 1553 1351 1613 simile
1364 1566 1419 1625 est,

372 1671 439 1710 cum
453 1669 544 1708 unum
560 1669 597 1708 ex
614 1650 649 1708 iia
664 1670 735 1718 esse,
749 1671 823 1728 quos
841 1650 885 1709 illi
903 1651 946 1708 ita
959 1650 1067 1710 dixisse
1082 1651 1230 1710 scribunt=
1254 1662 1342 1729 atque
1356 1653 1420 1730 ejus

372 1748 494 1828 proinde
517 1747 625 1806 scholia
647 1748 683 1806 iis
707 1746 782 1806 lecta
806 1746 906 1806 fuisse.
938 1747 1252 1807 Baranam--Hic
1277 1750 1366 1808 etiam
1388 1751 1420 1808 in

373 1845 530 1912 Narthece,
546 1864 636 1922 prope
650 1845 881 1909 catechumenos,
896 1847 1073 1916 χειμαζόμενοι
1087 1845 1250 1922 antiquitus
1264 1847 1419 1907 stationem

372 1963 453 2002 suam
472 1941 605 1999 habuisse
620 1940 765 1998 videntur.
809 1940 946 2018 Synodus
962 1940 1040 1998 enim
1054 1939 1211 2020 Ancyrana
1226 1962 1286 2010 eos,
1306 1944 1357 2020 qui
1373 1963 1418 2002 ra-

372 2035 461 2094 tionis
484 2033 615 2112 expertia
639 2034 773 2094 animalia
797 2036 936 2102 inierunt,
959 2048 989 2095 et
1013 2035 1119 2116 leprosi
1141 2050 1220 2108 suut,
1242 2061 1334 2118 poeuoe
1354 2041 1420 2100 loco

368 2131 467 2209 jussit,
494 2133 531 2189 είς
551 2133 612 2188 τοὺς
631 2135 831 2205 χειμαζομένους
850 2136 984 2207 εὔχεσθαι,
1003 2134 1078 2193 inter
1099 2135 1301 2215 Hybernanlet
1324 2157 1417 2198 orare.

370 2229 444 2308 Syn.
459 2228 569 2306 Ancyr.
583 2248 703 2304 can-17.
747 2230 834 2289 Unde
848 2231 956 2289 nemini
971 2231 1010 2290 sit
1029 2231 1162 2298 dubium,
1179 2234 1250 2309 quin
1265 2232 1314 2292 isti
1327 2259 1417 2307 χειμα-

370 2331 471 2400 ζόμενοι
491 2337 574 2385 extra
594 2327 742 2386 ecclesiam
764 2328 880 2407 proprie
900 2328 941 2386 sic
960 2328 1078 2394 dictam,
1093 2348 1127 2387 ac
1148 2329 1269 2407 proinde
1290 2330 1320 2386 in
1341 2331 1418 2389 Nar·

370 2425 455 2484 thece
483 2423 627 2483 steterint.
669 2424 798 2496 Quinam
826 2437 924 2484 autem
952 2426 992 2484 ibi
1017 2429 1195 2498 χειμαζόμενοι
1222 2425 1418 2494 nominentur,

370 2524 448 2585 inter
462 2522 563 2583 doctos
581 2524 709 2584 nondum
726 2525 873 2584 convenit.
916 2523 1071 2585 Balaamou
1092 2542 1201 2588 omnes,
1217 2522 1266 2601 qui
1288 2523 1318 2580 in
1340 2524 1419 2583 Nar.

287 2706 289 2713 γ
370 2622 455 2682 thece
469 2632 556 2689 stant,
570 2624 767 2696 χειμαζομένους
781 2623 821 2682 ibi
835 2634 955 2682 vocatos
968 2620 1129 2687 contendit,
1143 2625 1321 2693 χειμαζόμενοι
1333 2621 1420 2679 τοίνυν

370 2722 544 2792 κληθήσονται
565 2722 656 2794 κυρίως
677 2724 702 2776 ol
726 2724 753 2777 έν
775 2726 811 2797 τῷ
836 2723 941 2795 νάρθηκι
960 2725 1103 2792 ίοειίμενοι,
1123 2722 1165 2775 καὶ
1187 2721 1343 2793 ιίιμοίομενοι
1367 2726 1419 2777 τῶν

369 2820 446 2877 θείων
463 2822 582 2892 γραφῶν,
605 2822 687 2875 τόπον
704 2819 842 2890 ἐπέχοντες
856 2824 908 2873 τῶν
925 2821 1123 2889 χειμαζομένων,
1143 2819 1184 2872 xul
1206 2819 1243 2875 είς
1260 2820 1307 2873 τὸν
1327 2822 1417 2887 ἐκκλη-

370 2918 507 2971 σιαστικὸν
520 2916 611 2984 λιμένα
620 2917 665 2984 τῆς
674 2914 803 2986 σωτηρίας
812 2916 942 2971 είσελθεῖν
950 2916 985 2984 μὴ
995 2914 1233 2987 παραχωρούμενοι.
1268 2914 1418 2972 Nimirum

369 3035 404 3075 ac
426 3013 450 3071 si
474 3015 652 3085 χειμαζόμενοι
674 3011 721 3068 lric
743 3009 943 3087 Metaphorice
963 3008 1039 3067 idem
1065 3010 1241 3086 significaret
1265 3031 1298 3069 ac
1320 3012 1418 3085 ἀκροα-

369 3112 448 3182 μένοι.
491 3107 635 3166 Nonnulli
651 3118 758 3173 autem‚
775 3117 806 3164 ut
826 3104 979 3163 Balsamon
1001 3116 1031 3162 et
1045 3106 1173 3164 Zonaras
1193 3106 1300 3165 ibidem
1320 3110 1417 3167 obser-

370 3217 487 3275 varunt,
501 3205 699 3278 χειμαζομένους
712 3202 752 3261 ibi
766 3202 881 3261 eosdem
896 3221 959 3260 esse
970 3222 1002 3259 ac
1016 3204 1198 3275 δαιμονῶντας,
1211 3217 1416 3265 asseruerunt:

367 3323 433 3381 quas
447 3301 563 3381 quidem
582 3300 681 3379 opinio
695 3300 737 3358 eis
756 3319 814 3359 non
833 3296 938 3375 placet.
954 3299 1005 3357 sed
1019 3299 1102 3357 nobis
1118 3300 1244 3359 maxime
1253 3322 1261 3367 ;
1283 3300 1326 3359 sio
1339 3302 1417 3361 enim

370 3400 535 3467 Aristonus,
556 3401 733 3470 χειμαζόμενοι
754 3398 786 3453 δέ
807 3399 868 3464 εἶσι,
890 3399 954 3453 κατὰ
975 3400 1021 3453 τὸν
1042 3397 1124 3471 μέγαν
1147 3397 1295 3463 Διονύσιον,
1319 3402 1344 3453 oi
1366 3401 1418 3457 ὑπὸ

367 3498 513 3569 πνεύματος
528 3500 643 3570 πονηροῦ
664 3500 839 3568 κατεχόμενα.
883 3494 933 3553 Sic
947 3494 1023 3554 enim
1039 3505 1069 3553 et
1084 3494 1236 3552 Maximus
1249 3495 1279 3552 in
1292 3494 1418 3555 Scholiia

368 3594 406 3653 ad
431 3594 536 3653 librum
564 3594 601 3653 de
630 3592 833 3653 Ecclesiastico
861 3592 1034 3651 Hierarchia
1062 3592 1206 3671 Dionysio
1230 3592 1417 3671 Areopagitae

369 3690 650 3771 falsoadscriptum,
673 3694 872 3766 ε’νεμγουμένοοε
892 3709 967 3765 aaepe
989 3688 1116 3768 explicat
1138 3709 1188 3767 per
1210 3692 1417 3762 χειμαζομένοις.

370 3788 413 3847 Et
432 3785 608 3846 Scholiastes
630 3787 845 3867 Harmenopuli
865 3786 902 3845 ad
923 3786 1034 3846 dictum
1055 3785 1127 3864 Syn.
1144 3784 1307 3865 Ancyreum
1321 3786 1415 3845 Cano·

369 3904 435 3946 uem
458 3884 509 3952 ait,
531 3886 728 3957 χειμαζομένους
748 3887 776 3941 δέ
798 3886 859 3942 τοὺς
881 3886 1054 3955 δαιμονέινεας
1076 3887 1157 3958 λέγει,
1180 3883 1216 3941 air
1235 3907 1303 3941 τινες
1324 3883 1416 3956 φασίν.

370 3980 511 4041 Hermen.
534 3981 604 4058 epit.
625 4000 687 4037 can.
705 3992 774 4039 sect.
786 4001 815 4037 v.
832 3982 880 4039 tit.
892 4000 922 4054 3.
965 3982 1008 4040 Et
1030 3982 1072 4039 sic
1094 3980 1212 4057 quidem
1237 3979 1415 4038 Doemouiaci

367 4079 429 4139 sire
443 4076 642 4153 Euergumeni
658 4076 686 4133 in
701 4078 764 4155 ipso
780 4076 963 4155 Euchologio
978 4088 1127 4143 vocantur,
1144 4079 1193 4133 ὑπὸ
1203 4083 1255 4134 τῶν
1265 4079 1417 4147 πνευμάτων

367 4175 515 4248 ἀκαθάρτων
528 4176 714 4246 χειμαζόμενοι.
758 4174 800 4231 Ut
814 4194 872 4231 non
893 4173 999 4231 mirum
1020 4174 1059 4232 sit
1080 4193 1129 4232 eos
1147 4174 1325 4233 contractius
1343 4192 1416 4231 non·

368 4290 515 4348 nunquam
540 4271 634 4328 vocari
656 4270 863 4344 χειμαζομένων,
884 4268 1005 4347 reliquis
1023 4269 1161 4328 nimirum
1183 4268 1415 4338 subintellectis;

367 4368 611 4447 quemadmodum
630 4369 658 4425 iu
681 4368 799 4426 vocibus
818 4368 906 4425 etiam
928 4369 1105 4441 ένεργοίμενοι
1119 4379 1150 4425 et
1168 4366 1329 4445 Arrepiitli.
1375 4365 1417 4424 Et
