3242 5150
419 420 669 486 APOLOGIA
692 421 785 483 PRO
808 419 1038 484 ORIGENE.
1186 421 1251 487 847

201 615 272 679 quoe
297 593 358 678 ipsi
384 614 449 656 non
473 613 542 656 esse
567 591 653 655 bona
677 590 795 666 dicunt,
824 589 966 674 apprime
990 589 1150 655 memoriae
1175 590 1252 654 reti·

201 703 306 767 nenda
316 701 556 766 commendent:
572 722 635 786 qno
646 699 791 764 videlicet
806 699 984 784 promptius
994 721 1033 764 ea
1043 700 1250 782 proferentes,

201 813 407 876 exercitatius
426 812 554 876 valeant
574 810 764 874 concinnare
783 809 964 874 calumnias.
1010 809 1110 873 Aliud
1128 829 1253 894 quoque

201 928 252 985 est
265 943 366 1006 genus
380 920 543 984 hominnm
558 918 678 984 foedum
693 940 769 983 sane
784 926 819 983 et
833 925 938 1003 turpe,
953 925 1108 1003 quantum
1122 919 1165 982 ad
1180 939 1252 1003 pro-

202 1031 338 1095 bitatem
359 1030 500 1117 pertinet
519 1049 654 1104 morum,
670 1028 727 1092 sed
747 1028 790 1091 ad
811 1028 1067 1092 calumniandum
1089 1029 1254 1093 vehemen-

202 1141 267 1205 tius
286 1148 320 1205 et
342 1142 458 1206 tetrius
479 1141 521 1204 ad
544 1140 761 1216 incusandum,
784 1161 864 1223 quos
888 1140 992 1204 Graeci
1018 1142 1256 1222 φαγολοιδόρους

203 1251 422 1336 appellarunt:
449 1250 503 1334 qni
529 1271 686 1312 summum
710 1249 838 1332 quidem
860 1249 1013 1325 studium,
1036 1247 1092 1311 sed
1115 1254 1149 1311 et
1173 1248 1252 1311 satis

203 1361 362 1425 intentam
386 1379 516 1443 operam
537 1357 627 1421 libris
648 1359 717 1440 ejus
739 1357 907 1432 dederunt,
922 1356 969 1420 ita
988 1369 1026 1420 ut
1045 1363 1079 1420 et
1101 1355 1255 1440 magistro

203 1492 242 1533 eo
257 1470 290 1532 in
309 1467 455 1531 omnibus
475 1475 652 1542 uterentur,
669 1473 752 1530 etse
771 1467 800 1530 ci
821 1475 975 1552 tanquam
996 1465 1148 1550 speciales
1163 1464 1255 1530 disci·

203 1580 295 1664 pulos
310 1579 547 1662 manciparent;
572 1579 627 1642 sed
643 1578 698 1641 ubi
717 1578 760 1642 ad
781 1576 814 1641 id
835 1577 895 1641 loci
912 1585 1040 1640 ventum
1055 1584 1116 1652 est,
1132 1583 1170 1640 ut
1185 1576 1254 1661 jam

204 1711 240 1752 se
263 1689 434 1773 magistros
459 1687 573 1751 malint
593 1708 689 1771 quam
711 1687 880 1772 discipulos
902 1687 1068 1764 nominari,
1090 1686 1145 1750 ubi
1167 1687 1255 1750 audi·

205 1798 286 1863 toris
305 1798 434 1882 plausus
454 1796 570 1861 sectari
590 1802 741 1880 *coeptus
755 1804 817 1873 est,
833 1797 876 1860 ibi
892 1796 919 1859 si
933 1796 1015 1860 forte
1034 1797 1148 1882 aliquis
1167 1796 1257 1862 andi·

205 1910 327 1973 entium
349 1930 419 1992 quae
438 1908 622 1984 laudantur,
648 1905 794 1991 Origenis
814 1927 882 1970 esse
902 1907 1199 1984 obmurmuraverit,
1216 1927 1257 1970 ne

205 2017 254 2082 vel
277 2017 401 2094 †lande
421 2016 537 2081 cedant
559 2015 722 2101 magistro,
744 2016 793 2079 vel
814 2016 915 2100 culpae
937 2017 1094 2100 ‡judicio,
1119 2017 1257 2080 alienum

205 2149 274 2192 esse
288 2128 458 2212 Origenem
479 2126 630 2190 continuo
649 2132 882 2207 protestantur,
898 2125 976 2189 nihil
997 2125 1056 2189 sibi
1072 2147 1142 2189 cum
1159 2123 1258 2210 ipsius

206 2238 352 2302 doctrina
381 2256 546 2300 commune
576 2256 645 2298 esse
674 2233 874 2298 continuant.
919 2234 1103 2300 Anathema
1133 2257 1258 2321 quoque

204 2345 311 2410 dicere
325 2367 397 2409 eum
412 2367 476 2409 non
492 2345 642 2409 dubitant
653 2345 808 2428 improbe,
823 2352 858 2408 et
875 2344 991 2408 inferre
1009 2345 1179 2409 maledicta
1193 2367 1258 2408 non

206 2462 363 2540 parcunt3
385 2476 426 2517 ne
440 2453 528 2516 illum
540 2453 667 2537 quidem
677 2453 900 2534 Apostolicum
916 2474 1092 2517 sermonem
1103 2463 1259 2532 verentes,

207 2579 233 2610 ¹¹¹
245 2587 308 2650 quo
328 2563 483 2649 designat,
498 2563 573 2648 quia
594 2562 739 2627 manased
758 2585 882 2645 rspuune
897 2565 959 2627 Dei
980 2585 1040 2627 nona
1054 2563 1257 2649 possidebunt.

208 2673 248 2736 In
271 2679 399 2737 tant-um
420 2679 528 2736 antem
552 2671 665 2734 horum
687 2672 728 2735 de
754 2672 869 2755 quibus
893 2693 990 2756 supra
1015 2673 1161 2752 diximus,
1185 2697 1258 2759 pro·

207 2805 317 2869 gressa
337 2784 460 2849 malitia
482 2790 543 2859 est,
560 2789 597 2846 ut
619 2782 749 2867 quidam
771 2782 869 2845 etiam
885 2783 1083 2848 conscribere
1105 2785 1259 2851 adversus

207 2915 281 2957 eum
295 2892 363 2956 ausi
379 2893 453 2970 sint,
469 2902 503 2957 et
518 2892 630 2957 libellis
644 2892 739 2955 editis
753 2893 907 2977 derogare
926 2892 955 2957 ei
971 2893 1049 2971 viro,
1066 2893 1119 2978 qui
1138 2916 1195 2979 per
1209 2901 1261 2960 tot

207 3026 308 3068 annos
334 3003 488 3088 magister
514 3002 664 3067 Ecclesiae
689 3003 762 3078 fuit,
786 3004 840 3087 qui
867 3004 900 3067 in
927 3004 1069 3069 Ecclesia
1094 3004 1261 3071 catholica

207 3114 333 3187 sennit;
358 3113 412 3198 qni
431 3113 582 3177 adversus
602 3133 657 3176 eas
676 3113 814 3176 haereses
829 3134 900 3198 quae
920 3113 973 3179 illo
988 3122 1132 3200 tempore
1152 3116 1261 3181 Eccle»

207 3223 287 3287 siam
309 3223 552 3308 impugnabant,
574 3222 622 3286 ita
643 3228 841 3300 constanter,
863 3223 911 3287 ita
933 3224 1061 3289 fortiter
1084 3226 1261 3304 dimicavit,

208 3341 245 3397 ut
260 3333 369 3397 omnia
387 3354 496 3397 eorum
519 3331 682 3396 diabolicae
702 3333 946 3399 machinationis
960 3334 1169 3400 fundamenta
1186 3337 1260 3401 sub-

207 3443 358 3519 verterit3
380 3464 444 3506 non
466 3442 645 3507 studiomm
667 3441 820 3519 laborem,
840 3464 903 3505 nen
927 3444 1172 3527 §continentiae,
1195 3454 1260 3509 non

208 3552 427 3629 institutionis,
455 3574 519 3616 non
547 3552 746 3629 humilitatis,
772 3574 843 3637 quae
874 3575 970 3636 super
992 3560 1126 3617 caeteras
1151 3576 1260 3619 omnes

207 3663 342 3727 mutatos
364 3662 432 3748 ejus
452 3663 625 3726 maximam
645 3660 784 3745 gratiam
810 3660 962 3738 continet,
986 3682 1051 3724 uon
1072 3660 1148 3725 illud
1174 3670 1261 3727 certe

208 3773 445 3837 considerantes
460 3772 545 3856 qnod
564 3768 752 3856 presbyterii
773 3769 932 3853 dignitate
947 3769 979 3832 in
1000 3771 1143 3835 Ecclesia
1163 3773 1261 3837 hono·

208 3889 299 3947 ratus
314 3890 374 3947 est.
419 3881 540 3959 Quasi
555 3881 663 3946 omnia
676 3879 718 3944 ad
733 3881 944 3943 revocandam
958 3879 1111 3965 linguam,
1126 3883 1260 3969 compri-

628 4081 646 4104 ·
661 4087 670 4121 ι
685 4072 741 4122 Cor.
753 4071 787 4120 vi.
804 4085 839 4119 ιο.

243 4209 259 4239 0
270 4206 335 4272 (sor.
348 4206 466 4272 amptum)
653 4208 751 4270 †(scr.
763 4207 830 4255 laudi
841 4207 935 4267 mant,
947 4208 970 4255 b.
980 4224 1000 4256 c.
1010 4224 1039 4256 ea
1051 4223 1103 4269 psas
1115 4208 1262 4273 laudantur)

210 4287 304 4352 ‡(sor.
313 4289 406 4351 judicio
416 4304 468 4350 ιιιο,
479 4288 502 4335 la
515 4304 536 4337 c.
548 4289 576 4336 ob
590 4291 717 4350 Odpman
727 4286 899 4351 afferendam.)
1019 4288 1031 4343 5
1043 4286 1261 4352 (continentium-

210 4367 598 4432 inconsonae-humiliatas)

697 4469 783 4533 ry2
