3242 5150
372 401 437 467 264
550 402 822 468 CONCILIUM
846 403 1239 467 ELIBERITANUM.

822 573 971 636 XXIII.

415 682 637 768 dJejuniorum
662 682 931 767 superpositiones
954 703 1014 766 per
1037 681 1179 767 singulos
1203 701 1327 744 meuses
1353 679 1423 763 plu-

373 791 439 857 ouit
462 791 624 868 oelebruri,
647 791 789 876 exeeptis
808 790 921 855 diebus
939 791 1075 854 duorum
1095 790 1262 868 meusium,
1276 789 1367 866 sulii,
1389 795 1423 853 et

374 901 524 987 Augusti,
540 902 581 966 ob
596 901 804 986 quorumdem
820 899 1049 964 infirmitatem.

828 1008 965 1072 XXIV.

415 1119 557 1184 eOmnes
579 1119 632 1202 qui
654 1119 802 1203 'peregre
824 1116 943 1181 fuerint
966 1115 1131 1202 baptizoti,
1146 1137 1186 1179 eo
1207 1116 1292 1200 quod
1311 1135 1422 1180 eorum

371 1228 500 1292 minime
521 1227 564 1292 eit
583 1227 711 1312 cognita
733 1227 810 1303 vite,
825 1225 955 1310 plseuit,
974 1225 1018 1289 ed
1039 1223 1159 1289 olerum
1178 1246 1244 1288 uon
1261 1246 1331 1288 esse
1349 1246 1423 1309 pro-

371 1339 543 1403 movendos
557 1337 590 1401 in
604 1337 714 1402 ulieuis
728 1336 907 1422 provinciis.

839 1444 957 1508 XXV.

415 1556 546 1622 VOmnis
572 1555 626 1640 qui
651 1554 798 1620 attulerit
823 1553 949 1619 littores
974 1552 1188 1629 eonseseionis,
1214 1551 1341 1616 subluto
1366 1572 1422 1615 no-

372 1667 456 1732 mine
477 1664 675 1740 confessoris,
700 1687 739 1728 eo
764 1666 850 1748 quod
873 1685 984 1728 omnes
1002 1664 1062 1728 sub
1081 1663 1142 1728 huo
1166 1661 1302 1726 nominis
1319 1661 1423 1746 glorie

371 1776 490 1860 passim
519 1775 703 1840 eoneutiuut
734 1773 900 1857 simplioee,
930 1771 1219 1837 eommunieutoriae
1247 1772 1277 1835 ei
1306 1771 1421 1835 dundee

371 1889 447 1948 sunt
461 1883 588 1949 litterae.

826 1993 963 2055 XXVI.

417 2103 567 2168 Errorem
591 2101 712 2186 pleeuit
737 2100 862 2188 corrigi,
885 2109 922 2165 ut
945 2100 1030 2165 omni
1057 2100 1184 2165 sabbati
1208 2102 1261 2165 die
1286 2101 1421 2186 hsuper·

371 2213 544 2300 positiones
559 2212 761 2276 eelebremus.

817 2319 970 2383 XXVII.

415 2431 603 2516 Episoopus,
624 2428 673 2493 vel
695 2429 829 2514 quilibet
850 2429 931 2494 elius
951 2429 1096 2508 elerieus,
1117 2438 1176 2495 aut
1198 2415 1347 2509 sorores,
1362 2441 1421 2496 eut

371 2539 467 2605 filium
482 2539 635 2624 virginem
649 2538 789 2603 dieutem
805 2538 886 2617 Deo,
902 2545 1030 2605 tuntum
1041 2560 1147 2605 seeum
1162 2540 1298 2615 habete
1315 2549 1421 2608 extre-
1502 2608 1507 2615 ,

371 2672 463 2716 neem
477 2669 678 2735 nequaquem
693 2645 829 2712 ihubere
844 2647 973 2732 pleeuit.

806 2754 983 2822 XXVIII.

414 2869 590 2956 Episoopos
611 2867 731 2953 pleouit
752 2866 794 2931 ab
817 2889 855 2932 eo
877 2867 932 2951 qui
953 2890 1017 2932 uon
1042 2869 1267 2947 eommunicet,
1287 2892 1421 2935 munere

369 2981 512 3065 eoeipere
525 3000 590 3043 non
604 2979 728 3043 debere.

822 3088 966 3153 XXIX.

414 3199 679 3284 ¹‘Energumeuus
694 3200 748 3284 qui
767 3201 809 3266 ub
830 3200 968 3264 erretieo
982 3198 1097 3285 spi1itu
1117 3198 1311 3286 exagitetur,
1326 3199 1421 3284 hujus

369 3330 484 3373 nomen
498 3330 600 3394 neque
613 3309 656 3373 ud
671 3308 782 3387 altere,
798 3332 871 3374 eum
892 3310 1063 3387 oblatione,
1077 3308 1277 3374 recitandum
1285 3333 1296 3383 ;
1317 3329 1420 3393 neque

369 3420 628 3507 permittendum,
644 3428 682 3485 ut
698 3442 757 3486 sua
771 3442 869 3486 ruenu
883 3420 916 3484 in
931 3421 1063 3486 eeeIeeiu
1076 3420 1246 3485 ministret.

833 3529 953 3594 XXX.

413 3636 649 3705 ¹Subdiueonos
674 3662 726 3705 eos
753 3640 894 3704 ordinari
923 3661 988 3703 uon
1015 3640 1143 3717 debere,
1168 3639 1222 3724 qui
1250 3637 1283 3701 iu
1312 3636 1419 3702 edule-

369 3750 491 3816 soentie
516 3773 574 3817 sue
598 3749 717 3815 fuerint
740 3749 912 3826 moeehoti3
950 3774 988 3815 eo
1016 3750 1100 3838 quod
1126 3749 1339 3836 postmodum,
1362 3770 1420 3835 per

400 3945 480 4007 dieo,
491 3952 553 4007 part.
564 3944 596 3991 iv.
606 3960 658 4007 esp.
667 3956 706 4003 ³¹·
719 3945 828 4005 Ayue'm
835 3946 1244 4007 ediwejuniessuststineutiss
1253 3960 1304 4009 per.
1372 3954 1417 4003 ²⁴·

369 4026 432 4075 Dist.
440 4028 481 4091 9⁸·
493 4026 586 4075 Omnes
597 4027 637 4088 qui
649 4040 755 4089 peregre.
772 4028 826 4087 leo,
836 4036 899 4090 pert.
912 4028 944 4075 vi.
954 4043 1006 4091 unp.
1016 4042 1074 4089 ³52.
1179 4028 1191 4067 f
1203 4028 1264 4076 MS.
1275 4027 1380 4090 quidem,
1391 4026 1418 4074 iu

368 4122 474 4170 peregre.
551 4107 720 4156 sunum
733 4106 823 4155 Coneil.
836 4122 856 4155 ι.
867 4123 920 4156 oen.
929 4123 953 4173 9.
1037 4107 1169 4169 *Aquino
1178 4109 1260 4168 edidit,
1268 4107 1419 4169 jejuniorum

367 4188 588 4251 superpositionem.
680 4186 805 4249 manum
816 4190 897 4251 edidit,
908 4206 989 4239 seeum
1001 4189 1095 4240 habeut.
1188 4190 1201 4228 k
1216 4191 1294 4237 Hune
1304 4204 1418 4238 mm

367 4276 485 4331 spectasse
493 4270 588 4317 uidetur
598 4270 669 4317 Cone.
685 4270 757 4317 rotet.
768 4283 806 4317 xe.
821 4272 881 4317 anni
890 4269 946 4331 ⁶⁷⁴·
1012 4273 1022 4311 1
1035 4272 1132 4319 Ratun.
1142 4271 1180 4319 uu.
1192 4271 1279 4317 Ponit.
1291 4284 1343 4331 esp.
1353 4283 1376 4328 4,
1388 4284 1419 4318 ss·

370 4350 442 4398 Cosso.
456 4349 518 4397 sut.
531 4364 581 4412 esp.
592 4362 629 4410 30.
642 4356 665 4399 et
675 4352 702 4398 iu
714 4353 793 4413 Epist.
805 4353 839 4399 ud
849 4353 975 4401 Heraean
989 4366 1040 4413 sep.
1051 4366 1090 4401 es.
