3242 5150
386 475 437 540 IN
462 475 679 541 CONCILII
707 477 913 542 NEOCAES.
938 478 1167 544 CANONES.
1227 477 1293 546 208

238 643 324 708 solus
342 643 532 710 Bodleisnus
550 647 764 728 πρεσβυτέρων
785 648 881 733 leget.
927 649 989 711 Sed
1012 656 1136 713 veteres
1159 649 1293 714 Lotinos

218 747 429 830 ¹interpretes
452 749 498 812 ite
520 749 617 812 etiam
640 748 753 832 legisse
773 771 814 811 en
835 771 944 812 eornm
969 749 1166 814 versionibus
1189 761 1291 836 putet.

240 847 386 931 Namque
401 856 492 912 vetus
507 850 664 934 interpres
680 852 785 923 vertit,
795 862 947 935 prosumo
961 851 1111 938 Episeopo
1125 862 1181 916 ont
1195 855 1290 917 Pm-

237 947 349 1032 dyteris
363 950 506 1013 civitatis.
555 951 724 1036 Dionysius
746 953 890 1038 Exiguus
908 954 1060 1038 Episeopo
1068 965 1231 1038 prosse,
1246 953 1295 1019 vel

230 1051 416 1135 presbyteris
444 1052 528 1116 urbis
557 1053 663 1138 ἱρείας.
708 1054 760 1118 Sic
790 1056 888 1119 etiem
919 1055 1081 1119 Hervetus
1113 1079 1152 1120 ex
1181 1057 1292 1121 eodios

238 1153 374 1232 Tilleno‚
394 1166 541 1239 prasente
563 1156 711 1240 Epr’soopo
734 1157 780 1220 ool
800 1157 886 1220 urbis
904 1157 1102 1242 praeoptare.
1148 1159 1212 1223 Sed
1228 1160 1291 1224 lsi-

236 1257 333 1320 dorus
351 1259 529 1334 Mercator,
538 1257 738 1343 presentibus
755 1259 917 1344 Episeopis
937 1259 986 1324 ool
1004 1259 1197 1344 Presbyteri
1215 1262 1290 1325 ‹rioi-

235 1360 317 1436 tutis‚
333 1382 371 1423 ao
386 1360 412 1424 si
428 1362 597 1424 ἐπισκόπων
612 1383 702 1444 aeque
713 1383 751 1424 eo
766 1361 981 1442 πρεσβυτέρων
991 1362 1129 1446 legisset.
1164 1362 1210 1427 Et
1220 1363 1290 1428 hoeo

235 1461 362 1545 quidem
390 1462 487 1526 verbs
512 1464 690 1527 necessarie
711 1485 790 1538 esse,
814 1486 853 1526 ex
876 1464 1083 1548 sequentibus
1108 1472 1209 1549 potet,
1234 1465 1289 1528 ubl

234 1565 362 1640 dieitur,
387 1568 440 1630 ἐὰν
462 1569 494 1630 δὲ
521 1568 626 1629 &noan
652 1564 880 1630 BEVEREG.
927 1565 1049 1629 Vooem
1076 1567 1290 1646 πρεσβυτέρων

233 1675 411 1751 ognosount
447 1689 508 1730 non
541 1675 668 1731 tanturn
703 1666 818 1730 codices
844 1667 954 1751 scripti
987 1666 1154 1730 Bodlsiom'
1181 1689 1288 1733 oroneo

233 1767 372 1852 demptis
386 1769 510 1832 duobus
526 1768 586 1831 illis
601 1770 623 1830 J
626 1769 739 1831 oannis
753 1767 907 1830 Antioeh.
923 1768 979 1830 sed
997 1768 1095 1832 etism
1110 1768 1194 1832 odfin
1211 1770 1287 1832 Gon·

232 1869 307 1933 cilio
322 1879 418 1955 etque
434 1871 576 1944 Uonones,
592 1870 809 1953 Zonornsque‚
828 1868 988 1947 Balneum,
1001 1879 1036 1934 et
1047 1871 1229 1935 Aristenus.

276 1973 314 2036 P.
333 1977 398 2056 185.
421 1975 440 2036 l.
459 1992 487 2054 7.
511 1976 543 2036 ἓν
566 1975 653 2058 εὐχῇ]
679 1973 824 2036 Zonaras
839 1974 872 2035 ἓν
887 1971 1050 2058 εὐχῆ,’ἧτυι
1063 1974 1098 2035 ἐν
1121 1974 1288 2054 ἱερουργίας

232 2077 331 2158 καιρῷ,
348 2074 423 2136 durn
439 2097 489 2138 res
505 2097 596 2138 soora
611 2074 785 2160 peragitur.
811 2075 975 2138 Hunnoru.

275 2174 356 2239 Ibid.
373 2175 392 2238 l.
405 2177 433 2239 8.
456 2177 504 2240 rol
518 2180 560 2243 ele
576 2177 667 2259 εὐχὴν
685 2178 790 2264 κληθῇ,
806 2177 897 2256 μόνος
915 2177 1050 2259 δίδωσιν]
1068 2172 1123 2240 Sio
1140 2174 1284 2238 scribunt

230 2277 296 2340 lere
312 2299 429 2341 ornnes.
475 2277 537 2340 Sed
557 2265 716 2342 diversum
737 2278 813 2362 quid
835 2282 991 2362 praestent
1014 2275 1191 2361 Dionysius
1206 2273 1287 2338 Exi·

229 2399 311 2462 guus
326 2387 360 2443 et
377 2381 518 2443 Isidorus
542 2381 616 2444 Vae.
627 2379 740 2443 Latini
756 2381 951 2465 Interprotes,
967 2399 1100 2462 quorum
1121 2377 1173 2441 ille
1187 2377 1287 2441 habet

230 2491 302 2545 —ot
319 2481 364 2545 ud
377 2482 515 2546 dandam
530 2482 695 2546 orationem
708 2489 871 2554 vorentur,
887 2481 945 2544 soli
966 2481 1043 2544 dure
1057 2477 1210 2551 ᾰνόσόυυί,
1228 2478 1288 2542 lsi-

230 2584 328 2648 dorus
343 2592 522 2648 nutem-et
536 2585 655 2649 luerint
670 2583 796 2648 invitati
817 2584 863 2647 ad
879 2581 1019 2646 dandum
1037 2581 1211 2656 mulionem,
1228 2581 1287 2643 soli

225 2694 367 2771 poterunt
389 2686 475 2751 dore.
524 2685 676 2750 Similiter
700 2684 733 2749 S.
752 2685 913 2749 Martinus
937 2683 1143 2747 Brooerensis
1165 2681 1199 2745 in
1227 2683 1286 2746 Oo-

229 2808 341 2851 oomsm
357 2788 535 2853 Collestione
553 2788 760 2866 Quorumdam.
807 2788 900 2851 Nune
920 2809 994 2850 vero
1014 2794 1142 2849 constet
1162 2806 1203 2848 ex
1219 2783 1287 2849 001-

229 2890 351 2954 lostione
370 2893 529 2955 Cononem
551 2890 697 2954 Ecclesiae
720 2891 877 2975 Hispone
900 2888 1030 2952 Mutriti
1049 2887 1184 2972 primum
1200 2907 1286 2951 enno

234 2994 312 3056 1821
347 2992 444 3069 edito,
477 2992 663 3057 lsidorianae
693 2992 846 3057 versionis
877 2989 1001 3055 eodioes
1032 2989 1195 3073 Hispanos
1224 2988 1285 3052 leo·

231 3094 351 3157 tionem
375 3093 523 3157 Graeoam
547 3094 639 3170 tueri,
657 3094 710 3177 qui
733 3101 897 3179 praestent,
921 3101 949 3156 et
960 3092 1068 3174 suerit
1088 3091 1227 3155 imitatos
1249 3091 1285 3154 in

229 3195 403 3269 oratiorum,
427 3195 506 3259 solus
518 3196 635 3280 poterit
658 3196 742 3259 duro.
788 3196 908 3260 Contra
927 3194 960 3257 in
983 3195 1036 3257 illo
1060 3194 1142 3257 libro
1164 3192 1285 3278 scripto

231 3297 416 3373 Bodleiano,
431 3319 524 3382 quern
540 3319 715 3363 memorare
734 3298 816 3362 solet
838 3297 1039 3382 neveregius
1054 3304 1222 3360 exoratum
1238 3296 1285 3359 in-

230 3399 301 3463 veni
317 3405 490 3480 κληρωθῶσι
510 3402 606 3481 μόνοι.
653 3400 764 3463 Habet
788 3400 906 3479 κληθεὶς
928 3400 1020 3478 μόνος
1040 3398 1104 3462 eod.
1121 3401 1191 3483 158.
1215 3406 1285 3477 κλη-

231 3504 318 3579 θῆναι
332 3502 422 3579 μόνος
435 3500 497 3565 eod.
515 3503 612 3587 3385.
656 3501 761 3565 Ueteri
776 3500 810 3563 in
826 3501 956 3585 vulgato
970 3500 1107 3565 leetione
1121 3521 1193 3564 oum
1209 3498 1285 3562 libri

227 3602 338 3687 σσσυρνιὶ
352 3610 419 3667 turn
435 3603 512 3667 editi
525 3604 725 3681 conveniunt,
738 3602 853 3687 quibus
866 3602 1004 3666 addendi
1016 3608 1285 3665 commentatores

229 3712 323 3775 sunt;
342 3706 395 3767 ἐὰν
410 3708 442 3768 δὲ
458 3706 585 3779 troam,
597 3703 700 3790 inquit
716 3704 873 3780 Zonaras,
888 3707 967 3788 ὁτῆς
977 3706 1094 3770 πόλεως
1110 3706 1285 3777 ἐπίσκοπος.

229 3806 280 3868 καὶ
292 3806 321 3868 ol
336 3807 370 3867 lv
385 3806 457 3885 αὐτῇ
474 3809 572 3886 ἱερεῖς,
589 3810 636 3870 καὶ
649 3807 745 3885 κληθῇ
754 3806 865 3889 χωρίου
878 3802 897 3884 ἦ
909 3806 1006 3885 κώμης
1018 3805 1112 3885 ἱερεὺς
1124 3807 1166 3871 εἰς
1179 3804 1281 3887 εὐχὴν.

228 3907 295 3969 τότε
311 3907 359 3969 καὶ
375 3912 433 3970 τῶν
448 3907 641 3989 ἁγισσμάτων
654 3910 861 3987 μεταδίδωσιν.
901 3906 933 3971 Si
950 3906 1080 3991 vulgato
1095 3927 1169 3970 vern
1184 3906 1282 3991 serip-

228 4014 302 4071 turn
322 4008 373 4081 sit,
391 4031 517 4073 neeesse
532 4016 592 4083 est,
610 4018 646 4074 ut
668 4030 729 4073 vox
748 4012 905 4091 ἐπιχώριος
923 4008 1036 4073 saltem
1059 4007 1283 4073 subaudietur²

229 4106 275 4172 Et
289 4130 386 4194 suprn
400 4118 534 4175 notente
558 4109 738 4186 Herdnino,
753 4132 864 4174 revere
884 4109 1043 4197 supplevit
1063 4130 1134 4173 eom
1148 4110 1282 4173 Ioannes

228 4210 367 4275 Antioel.
383 4212 466 4276 siout
479 4212 543 4275 cod.
560 4214 632 4275 MS.
649 4211 739 4275 Bodl.
755 4232 887 4276 numero
901 4231 997 4295 5771.
1013 4211 1208 4296 designatus,
1224 4210 1280 4295 qui

228 4318 346 4389 mmen,
377 4322 415 4377 ut
444 4313 521 4386 dixi,
552 4313 594 4376 ad
624 4315 646 4377 ,J
650 4334 783 4377 oannem
814 4314 965 4399 pertinet.
1009 4313 1123 4376 Prisco
1154 4332 1281 4396 quoque

235 4412 335 4478 Venio
357 4438 396 4479 ex
418 4415 474 4481 Oh.
491 4414 620 4479 Justelli
644 4414 838 4480 bibliotheoe
852 4416 940 4480 edito
965 4415 1013 4479 ite
1036 4414 1142 4478 reddit
1162 4414 1277 4487 looum,

708 4540 727 4579 n
740 4518 791 4581 d2
