3242 5150
411 401 686 467 CONCILIUM
710 400 1034 466 ARELATENSE
1059 402 1086 464 1.
1202 402 1268 464 313

218 575 374 634 Maternus
397 575 560 654 episeopus,
585 572 737 632 Macrinus
757 572 904 639 diaeonus,
926 572 964 632 de
988 572 1106 632 civitate
1129 573 1266 651 Agrippi·

260 691 405 731 neusrum.

219 765 350 827 Genialis
371 765 542 834 “diaconus
557 765 594 826 de
614 765 733 826 civitste
747 764 902 830 Gabalum,
916 785 953 824 ex
972 765 1120 842 provincia
1141 764 1269 844 Aquita-

259 884 335 922 mco.

220 959 380 1020 Orientalis
393 960 556 1039 episcopus,
570 958 691 1018 Flavius
705 957 855 1026 diaconus,
866 955 1032 1017 densitate
1043 958 1266 1037 Burdegnlensi.

220 1057 376 1134 Agroecius
389 1056 552 1135 episcopus,
568 1054 654 1114 Felix
668 1054 821 1121 exorcista,
837 1053 1006 1114 decivitate
1020 1055 1224 1116 Treverorum.

221 1152 418 1212 Mamertinus
427 1151 592 1231 episeopus,
602 1149 747 1210 leontius
757 1150 906 1217 diaconus,
917 1150 954 1209 de
962 1149 1081 1210 civitate
1092 1151 1266 1211 Elusatium.

220 1261 235 1293 e
249 1248 377 1308 Eborius
390 1249 553 1327 episeopus,
564 1246 602 1307 de
615 1247 734 1306 civitate
746 1246 934 1312 Eboraeensi‚
945 1247 1096 1325 provincis
1107 1247 1268 1307 Britannia.

222 1345 391 1405 Restitutus
410 1345 574 1423 episcopus,
596 1342 634 1402 de
654 1343 774 1403 civitae
793 1343 985 1410 Londinensi,
999 1343 1148 1422 provincia
1167 1363 1269 1424 suprs-

261 1441 378 1518 scripta

222 1537 358 1597 Adelfius
379 1535 542 1616 episeopus,
561 1535 599 1595 de
617 1535 736 1595 civitate
754 1535 885 1594 Colonia
902 1535 1133 1595 Londinensium
1157 1536 1270 1610 (Lindi,

263 1634 323 1693 vid.
337 1653 426 1712 supra
439 1652 468 1711 p.
480 1631 556 1709 296:
572 1631 814 1711 Lugdunensium
824 1633 865 1690 ed.
876 1631 1003 1708 Matrit.)
1014 1631 1121 1693 exinde
1133 1631 1271 1694 Sacerdos

262 1730 423 1809 presbyter,
437 1727 585 1786 Arminius
599 1727 748 1788 diaconus.

220 1825 357 1886 Liberius
380 1825 543 1904 episcopus.
566 1823 735 1884 Florentius
755 1824 903 1896 diaeonus,
925 1824 962 1885 de
986 1823 1105 1884 civitate
1127 1823 1269 1895 Emerita,

261 1921 410 2001 provincia
425 1919 577 2000 Hispania

223 2018 350 2079 Sabinus
364 2019 526 2098 presbyter,
541 2018 711 2079 decivitate
725 2019 844 2079 betica

221 2114 339 2174 Natalis
351 2116 513 2194 presbyter,
528 2115 687 2196 Cytherius
705 2115 856 2183 diaconus,
871 2115 908 2175 de
926 2113 1045 2175 civitate
1059 2114 1270 2175 Ursolensium.

222 2211 379 2272 Probatius
392 2214 554 2292 presbyter,
568 2212 719 2273 Castoriru
732 2212 881 2279 diaconus,
896 2210 1065 2272 decivitate
1080 2211 1253 2274 Tarracone.

222 2307 403 2368 Clementius
422 2309 583 2387 presbyter,
603 2309 731 2370 Rufinus
751 2311 904 2378 exorcista,
927 2309 964 2370 de
985 2307 1103 2370 civitate
1124 2313 1272 2372 cesarau-

260 2415 356 2482 gusts.
788 2415 793 2423 ’

222 2498 405 2560 f'l’ermatiua
417 2502 578 2582 presbyter,
592 2501 699 2561 Victor
712 2501 814 2570 lector,
829 2503 996 2564 decivitate
1014 2505 1239 2586 Baetigensium.

224 2597 406 2657 Fortunatus
428 2598 591 2678 episeopus,
616 2600 778 2659 Deuterins
802 2600 950 2671 diaconus,
975 2600 1012 2661 de
1036 2603 1155 2662 civitate
1176 2604 1272 2663 Cesu-

263 2692 362 2761 riensi,
376 2693 526 2771 provincis
539 2694 727 2753 Mauritania.

224 2788 399 2861 Quintaaius
412 2790 575 2869 episeopus,
590 2789 768 2852 Ammonius
785 2794 946 2874 presbyter,
961 2794 998 2855 de
1014 2793 1133 2857 civitate
1149 2796 1270 2866 caralis,

178 2946 182 2954 ,
265 2886 414 2965 provincia
428 2885 573 2946 Sardinia.

462 3069 572 3129 ITEM
597 3070 840 3131 PROVINCIA
861 3071 1034 3137 Armes.

223 3180 396 3241 Caelianus
409 3181 571 3262 episeopus,
585 3181 622 3242 de
639 3182 758 3257 civiute
777 3183 1016 3265 Carthaginensi:
1039 3208 1105 3247 cum
1120 3189 1184 3269 ipso
1199 3190 1273 3271 Spe.

263 3278 376 3337 rantius
390 3277 537 3337 diaeonus.

222 3376 401 3455 Lampadius
414 3377 577 3456 episcopus,
593 3376 630 3437 de
642 3378 762 3439 civitate
776 3379 877 3439 Utine

224 3471 329 3531 Victor
342 3472 504 3552 episeopus,
520 3472 556 3533 de
571 3474 690 3534 civitate
704 3474 802 3535 Utica.

223 3566 398 3627 Anastasius
410 3568 573 3648 episcopus,
588 3570 758 3631 decivitate
772 3570 984 3633 Beneventina.

226 3664 355 3724 Faustus
375 3664 539 3745 episcopus,
559 3667 597 3726 de
614 3668 734 3727 civitate
752 3662 956 3729 Tubnrbitaua
973 3670 1189 3744 (Tuborbitans
1209 3674 1271 3734 Sir-

237 3802 238 3805 *
262 3763 350 3821 moad.
365 3772 397 3821 et
409 3764 475 3821 edit.
492 3764 623 3840 Mutrit.)

224 3857 399 3937 Surgeutius
412 3859 624 3939 episcopantis
637 3861 756 3921 civitae
772 3862 940 3923 Poeofeltis.

224 3954 329 4014 Victor
342 3954 506 4036 episcopus,
521 3956 559 4016 ds
573 3958 692 4019 civitate
705 3958 947 4037 Legisvolumini,
958 3962 1107 4041 provincia
1119 3962 1272 4025 Numidia.

225 4049 334 4111 Vitniis
347 4052 509 4132 episcopus,
525 4053 694 4118 decivitate
708 4053 896 4115 Vereosium.

256 4226 321 4275 ‘Ito
333 4228 392 4275 MS.
404 4236 492 4278 auser.
514 4231 549 4278 Iu
564 4232 620 4279 aliis
636 4231 784 4294 probum
800 4231 931 4296 episcopua.
948 4230 1066 4297 (Praestat
1080 4194 1204 4297 episeopus
1218 4235 1274 4284 edit.

224 4309 323 4357 Motn’t.
388 4310 445 4356 sal,
461 4310 522 4359 MS.
536 4310 641 4360 Ebur-im
651 4311 731 4376 (stad.
745 4310 860 4375 Matris.)
985 4313 1156 4375 numnius,
1168 4316 1196 4363 s'rs
1209 4316 1271 4364 MS.

222 4395 308 4439 metro.
322 4388 476 4453 (Tonstrina
487 4393 523 4441 sd.
536 4392 648 4455 Metuit.)

267 4492 339 4533 VOL.
356 4492 399 4534 IV.
722 4496 737 4535 Β
753 4496 769 4536 fl
