3242 5150
386 420 544 484 GESTA
568 417 702 486 APUD
727 416 1064 484 ZENOPHILUM.
1182 417 1248 484 323

197 596 219 628 “
236 589 322 654 tione
337 591 378 655 de
391 589 575 668 leoteribus,
588 611 669 675 qnos
679 589 914 656 demonstrabit
925 588 1081 663 Oilioium,
1094 611 1149 654 vos
1161 589 1246 674 quod

195 708 216 739 “
232 699 284 764 hie
303 698 429 765 bebetis
448 700 535 765 date.
580 698 719 764 Sedente
741 699 843 765 Panlo
863 699 1020 785 episeopo,
1037 699 1199 763 Montano
1213 706 1247 763 et

194 818 216 845 “
231 809 384 874 bVictore
409 808 594 874 Deusatelio
622 817 657 874 et
682 808 842 874 Memorio
866 808 1072 895 presbyteris,
1094 809 1246 874 adstante

195 928 215 957 “
231 920 341 984 Marte
352 942 423 984 aum
435 919 531 985 Helio
542 927 576 985 et
588 919 698 985 Marte
709 919 863 997 dieoonis,
876 918 1061 992 Marouolio,
1075 917 1247 994 catullino,

195 1040 215 1066 “
230 1030 368 1106 Silvano,
383 1041 418 1094 et
429 1028 552 1093 Caroso
565 1028 776 1107 subdiaconis,
792 1028 816 1092 J
817 1028 960 1102 aunario,
979 1027 1132 1104 Merselo‚
1144 1027 1244 1091 Frue-

194 1151 213 1177 “
227 1149 332 1216 tunso,
350 1139 505 1225 Miggine‚
521 1139 706 1216 Saturnino,
722 1139 857 1204 Vietore
873 1137 1055 1212 samsurici,
1076 1145 1110 1202 et
1131 1137 1246 1202 esteris

193 1264 212 1283 “
228 1251 413 1328 fossoribus,
428 1250 699 1316 eontraseribente
720 1249 851 1315 Vietore
866 1247 1001 1326 Aufidii,
1015 1243 1049 1312 in
1073 1247 1162 1312 brevi
1177 1247 1240 1311 sie:

195 1369 215 1396 “
230 1359 355 1424 Culiees
369 1361 434 1424 duo
454 1359 556 1436 aurei,
570 1359 649 1423 item
663 1358 776 1423 ealiess
795 1380 853 1423 aex
871 1357 1027 1443 argentei,
1043 1356 1170 1421 uroeola
1189 1379 1246 1421 sex

195 1482 215 1503 ‘⁴
231 1475 394 1553 argentee,
410 1467 617 1533 ououmellnm
631 1475 831 1554 argenteum,
845 1467 981 1532 lueernae
1002 1473 1162 1552 urgentes:
1178 1487 1247 1551 sep·

196 1592 215 1612 '¹
232 1586 310 1656 tem,
324 1578 503 1642 caereolnla
524 1577 598 1658 duo,
614 1578 754 1643 enndelae
776 1578 888 1642 breves
902 1599 998 1642 senene
1019 1598 1091 1642 oum
1113 1575 1250 1640 luoernis

195 1687 297 1751 “suis
324 1694 459 1772 septem,
483 1688 561 1752 item
583 1687 722 1753 lueernae
744 1709 843 1753 aeneae
865 1686 1011 1752 undeeim
1033 1707 1106 1750 eum
1125 1685 1248 1750 outonis

196 1809 216 1831 “
231 1797 306 1875 suis,
329 1797 444 1862 tunieae
467 1798 636 1864 muliebres
657 1820 778 1862 nxxxn.
797 1798 955 1863 melortea
974 1819 1107 1862 xxxvur.
1132 1797 1248 1862 tunieae

197 1919 216 1940 '‘
232 1907 337 1972 viriles
350 1930 417 1972 ιιι.
433 1908 543 1994 ealigae
558 1908 663 1974 viriles
673 1909 764 1995 paria
775 1931 845 1971 xrn.
857 1907 966 1993 oaligae
978 1907 1146 1972 muliebres
1157 1906 1249 1992 peria

196 2030 215 2051 '¹
231 2040 326 2089 xnvu.
342 2016 441 2102 eoplae
460 2017 629 2083 rustiennoe
643 2041 713 2082 xrx.
757 2017 849 2083 Felix
867 2017 983 2082 flumen
1004 2024 1176 2103 perpetuus
1190 2038 1243 2082 ou·

195 2141 214 2162 ’·
232 2136 323 2193 rator
337 2127 518 2213 reipublioae
533 2128 720 2207 Marouolio,
735 2128 873 2208 Silvano,
889 2136 923 2195 et
938 2128 1059 2194 (lsroso
1073 2127 1247 2194 fossoribus

195 2252 214 2273 ‘¹
230 2239 330 2304 dixit:
353 2237 500 2303 Proferte
524 2238 584 2303 hoe
603 2239 688 2324 quod
707 2239 843 2304 habetis.
889 2238 1037 2305 Silvanus
1057 2245 1091 2304 et
1106 2238 1247 2303 Caresus

196 2361 216 2381 ‘⁴
232 2348 402 2413 dixerunt:
434 2348 527 2428 Quod
554 2346 607 2412 bie
631 2347 704 2426 luit,
731 2354 837 2414 totum
861 2348 923 2413 boo
948 2348 1107 2436 ejecimus.
1154 2347 1248 2412 Felix

196 2469 215 2490 ‘⁸
231 2457 347 2522 flamen
362 2465 538 2544 perpetuus
551 2466 682 2523 eurntor
702 2457 884 2544 reipublioee
903 2457 1090 2535 Marouolio,
1108 2457 1248 2538 Silvano,

196 2580 217 2601 “
232 2576 267 2633 et
282 2570 405 2633 Caroso
418 2567 519 2633 dixit:
543 2567 722 2655 Responsio
736 2577 844 2635 vestra
863 2569 946 2635 netis
960 2569 1074 2634 baeret.
1112 2569 1246 2634 Postea·

196 2688 217 2710 “
233 2698 329 2761 quam
352 2685 541 2759 perventum
562 2686 612 2742 est
634 2678 667 2741 iu
689 2677 925 2757 bibliothecam,
952 2678 1082 2743 inventa
1105 2685 1180 2744 sunt
1203 2678 1248 2744 ibl

196 2787 372 2853 “armaria
397 2787 513 2852 inania.
559 2787 609 2853 Ibi
634 2788 767 2874 protulit
795 2788 941 2854 Silvanus
964 2789 1173 2879 oepituletam
1199 2810 1250 2854 er-

197 2908 217 2929 “
231 2904 382 2982 gentesm
400 2905 435 2962 et
456 2897 618 2962 lneeruam
639 2904 838 2984 argenteam,
862 2900 948 2984 qnod
970 2899 1090 2964 dioeret
1114 2922 1148 2963 se
1175 2906 1249 2985 post

197 3018 217 3040 ''
233 3028 342 3071 oream
357 3029 412 3071 eas
426 3006 591 3072 invenisse.
631 3007 744 3074 Viotor
757 3008 879 3074 Aufidii
895 3010 1023 3075 Silvano
1037 3010 1140 3074 dixit:
1157 3012 1248 3074 Mor.

196 3130 215 3151 ‘¹
233 3126 308 3183 tuus
323 3118 439 3195 fueras,
455 3118 561 3181 sinon
576 3117 646 3183 illas
660 3118 842 3184 invenisses.
888 3119 981 3184 Felix
998 3118 1114 3183 flamen
1134 3140 1245 3208 perpe·

197 3239 216 3262 ‘¹
235 3235 310 3292 tuus
325 3233 455 3290 curator
469 3225 652 3313 reipublioae
667 3226 795 3293 Silvano
810 3228 911 3293 dixit:
930 3228 1045 3308 Quaere
1056 3227 1250 3313 diligentius,

196 3346 217 3368 “
233 3356 273 3398 ne
299 3334 376 3421 qnid
400 3334 452 3399 bio
476 3336 675 3400 remanserit.
721 3335 867 3401 Silvanus
889 3336 989 3401 dixit:
1017 3336 1103 3411 Nihil
1125 3335 1177 3400 hio
1198 3356 1247 3400 re·

196 3456 217 3479 “
233 3444 362 3522 mansit,
378 3452 483 3510 totum
497 3444 559 3511 hoo
574 3444 732 3530 ejecimus.
776 3444 823 3511 Et
838 3468 909 3510 eum
924 3454 1071 3531 apertum
1086 3454 1171 3511 esset
1188 3445 1248 3511 trie

197 3567 217 3588 ‘⁴
232 3556 372 3633 olinium,
396 3555 526 3621 inventa
546 3563 622 3620 suut
643 3555 687 3620 ibi
712 3556 797 3621 dolia
810 3578 856 3622 ιν.
878 3563 913 3622 et
938 3579 1021 3623 orcae
1045 3580 1109 3622 sex.
1156 3554 1249 3625 Felix

197 3665 342 3735 “flamen
353 3674 664 3752 perpetuusonrator
674 3665 854 3751 reipubliooe
866 3666 966 3741 dixit:
983 3668 1130 3732 Prolerte
1142 3665 1248 3751 Serip-

197 3787 217 3811 ''
232 3784 324 3842 tures
338 3798 419 3861 quas
432 3776 571 3853 habetis,
583 3784 621 3842 ut
634 3776 804 3861 praeeeptis
821 3777 1057 3862 Imperatorum
1067 3782 1102 3841 et
1111 3775 1249 3863 jussioni

197 3898 217 3921 '‘
232 3909 345 3972 parere
360 3885 499 3972 possitis.
541 3886 711 3953 Catulinus
722 3886 857 3972 protulit
873 3886 1014 3953 oodioem
1029 3907 1126 3951 unum
1141 3886 1246 3971 pemi-

197 4006 217 4028 “
233 3996 330 4060 mium
345 3995 508 4082 majorem.
555 3993 648 4060 Felix
662 3995 778 4060 flamen
793 4004 965 4081 perpetuus
980 4005 1110 4061 ourator
1124 3994 1250 4081 reipub·

197 4115 217 4137 “
232 4104 302 4173 liene
313 4104 491 4172 Marouolio
504 4111 537 4170 et
549 4105 677 4173 Silvano
688 4104 788 4170 dixit:
805 4106 912 4188 Quare
921 4127 1019 4171 unum
1027 4105 1249 4171 tantummodo

226 4298 239 4331 l
251 4299 349 4349 Victore
359 4301 389 4349 de
396 4296 508 4359 Catella,
519 4301 587 4362 apud
597 4302 729 4362 Artoarta
744 4301 838 4360 (eontra
849 4301 1002 4349 Crescentem
1012 4314 1048 4355 ιιι
1068 4296 1119 4365 29.)
1173 4306 1186 4335 c
1197 4295 1247 4361 (ee-

194 4388 299 4432 muta
310 4381 402 4443 herred.
415 4381 507 4429 monuit
518 4380 659 4443 Smlerur.)

676 4466 762 4527 utu
