3242 5150
379 405 445 473 292
529 403 688 468 GESTA
713 401 1044 466 PURGATIONIS
1070 401 1268 466 FELICIS.

381 581 402 613 ‘⁶
416 583 451 640 et
472 574 546 638 nolo
567 574 638 638 illos
659 574 838 638 restituere.
884 571 999 657 Itaque
1019 573 1069 637 sao
1088 573 1215 638 litteras
1229 575 1304 658 quia
1322 575 1431 638 adusti

379 691 400 721 ‘⁴
414 691 499 760 sunt,
522 704 563 746 ne
584 705 727 748 revooem
748 682 852 747 illos.”
896 684 943 747 Et
963 704 1023 767 ego
1045 683 1129 747 dixi:
1154 683 1327 749 Christiani
1351 684 1432 748 lidos

378 795 448 857 haeo
469 797 539 858 est!
565 792 610 856 Et
631 793 713 876 ooepi
735 792 824 855 illum
845 792 1013 877 oorripere.
1059 793 1104 857 Et
1117 794 1165 858 ait
1182 795 1303 879 oollega
1323 817 1430 858 meus:

379 902 490 968 Soribe
513 902 568 965 illo
590 902 689 966 Felioi
711 909 833 966 nostro.
880 904 926 966 Et
952 903 996 966 sio
1022 921 1082 988 ego
1105 904 1272 988 epistolem
1299 905 1430 980 dietari,

379 1023 472 1096 ⁰quoe
493 1019 586 1096 paret
608 1033 772 1097 usquequo
794 1013 921 1076 dietari.
965 1012 1117 1078 AElianus
1138 1015 1304 1100 proconsul
1329 1015 1431 1078 dixit:

379 1120 468 1185 Audi
493 1121 561 1185 sine
585 1130 673 1186 metu
699 1121 920 1187 recitationem
943 1123 1086 1208 epistolae
1109 1131 1182 1188 tuae.
1228 1123 1432 1210 Recognosce

380 1253 544 1316 quousque
557 1231 736 1297 dictaveris.
780 1231 950 1315 Agesilaus
964 1233 1121 1298 recitavit.
1168 1235 1244 1319 Opto
1261 1244 1297 1308 te,
1312 1255 1432 1319 pareres

378 1341 543 1419 summme,
573 1342 680 1406 multos
706 1363 801 1405 annos
831 1340 899 1406 &aa
928 1341 1036 1407 vauro.
1085 1343 1233 1408 AEliauus
1261 1345 1431 1430 prooonsul

380 1452 549 1518 Oaeeiliuuo
560 1453 661 1517 dixit:
680 1453 854 1538 Hucusque
869 1453 1019 1518 diotestil
1034 1453 1228 1539 Respondit:
1245 1455 1429 1540 Hucusque.

380 1562 534 1648 reliquum
554 1563 669 1627 falsum
691 1571 750 1628 est.
795 1561 966 1647 Agesilaus
984 1563 1138 1628 recitavit.
1186 1572 1205 1599 ‘⁴
1219 1563 1316 1628 lHoo
1339 1565 1431 1649 signo

381 1679 400 1709 “
416 1672 501 1756 quod
516 1672 556 1735 de
570 1672 755 1758 praetorium
769 1674 812 1736 ad
828 1693 878 1735 me
893 1671 1007 1736 misisti
1022 1671 1082 1736 nisi
1097 1693 1157 1756 ego
1174 1680 1208 1736 et
1228 1679 1265 1737 tu
1285 1689 1319 1738 et
1340 1675 1432 1757 eujus

380 1789 402 1819 “
417 1789 467 1846 est
481 1783 674 1866 pretorium,
690 1790 724 1846 et
739 1781 840 1846 dixit:
857 1781 951 1846 Tolle
965 1781 1096 1858 elavem,
1108 1789 1142 1848 et
1157 1804 1237 1866 quos
1247 1783 1386 1847 invenies
1396 1783 1431 1846 in

382 1900 401 1929 ‘⁴
416 1892 571 1956 outhedra
583 1891 681 1954 libros
698 1899 731 1955 et
746 1913 842 1976 super
855 1891 960 1976 lupide
975 1891 1109 1966 dedices,
1126 1891 1202 1956 tolle
1221 1891 1300 1956 illos.
1347 1893 1432 1958 Sane

383 2008 405 2039 “
420 2001 501 2078 vide,
516 2000 665 2064 ollioiales
679 2022 720 2064 ne
735 2000 851 2064 tollant
865 2000 969 2063 oleum
984 2009 1018 2065 et
1032 2001 1194 2066 triticum·
1214 2003 1260 2066 Et
1270 2025 1329 2088 ego
1344 2004 1432 2067 dixi:

381 2118 403 2148 “
420 2109 469 2172 Tu
490 2109 591 2172 neseis
606 2107 681 2192 quia
695 2108 750 2171 ubi
769 2109 937 2193 seripturoe
952 2109 1166 2188 inveniuntur,
1182 2119 1215 2176 et
1235 2112 1304 2196 ipse
1319 2113 1433 2176 domus

381 2228 402 2258 “
418 2217 576 2283 diruitur?
598 2218 643 2283 Et
665 2217 792 2283 dixisti:
818 2219 902 2301 Quid
924 2241 1000 2306 ergo
1022 2220 1193 2285 faciemus!
1219 2221 1265 2284 Et
1284 2221 1349 2284 dixi
1372 2242 1433 2305 ego

382 2339 402 2368 ‘⁴
418 2330 528 2394 vobis:
550 2330 657 2395 Tollat
678 2329 793 2414 uliquis
813 2329 957 2394 devehis
979 2331 1012 2395 in
1033 2331 1116 2395 areis
1139 2331 1193 2395 ubi
1208 2331 1368 2396 orationes
1383 2333 1431 2396 sa-

384 2449 403 2476 '‘
419 2440 501 2515 uitis,
526 2447 560 2505 et
587 2441 650 2505 illio
671 2447 843 2525 ponantur.
889 2441 935 2505 Et
954 2463 1013 2526 ego
1033 2441 1124 2505 venio
1143 2462 1215 2504 oum
1235 2441 1431 2517 offieinlibus,

383 2559 402 2587 ‘¹
418 2557 452 2616 et
481 2550 569 2616 tollo.
615 2550 661 2616 Et
686 2573 745 2615 nos
773 2551 827 2615 illo
856 2551 1007 2628 venimus,
1034 2558 1068 2616 et
1096 2551 1203 2616 omniu
1229 2550 1359 2617 tulimus
1384 2574 1432 2616 se·

381 2669 402 2700 “
418 2661 555 2726 eundum
578 2660 740 2747 placitum,
755 2670 790 2726 et
810 2661 989 2725 adussimus
1011 2662 1183 2725 seeundum
1204 2683 1329 2725 suorum
1351 2684 1432 2747 pree-

382 2782 403 2811 “
418 2772 576 2857 ceptum.”
621 2772 784 2836 Maximus
798 2770 901 2835 dixit:
926 2771 1084 2852 Quoniam
1098 2772 1168 2855 ejus
1182 2771 1323 2856 epistolae
1339 2780 1433 2836 tenor

381 2881 478 2945 etiam
493 2881 580 2965 apud
593 2888 669 2945 aeta
687 2881 841 2946 reoitntus
855 2890 916 2957 est,
932 2902 1028 2965 quam
1047 2880 1115 2966 ipse
1134 2881 1299 2965 agnovisse
1320 2904 1358 2945 ao
1373 2882 1431 2945 mi-

381 2991 460 3055 sisse
485 2990 576 3065 dixit,
602 3012 782 3074 quaesumus
806 2991 867 3055 hoo
893 2991 972 3055 sotis
999 2990 1064 3057 tuis
1092 2992 1223 3056 hoereat.
1269 2990 1433 3076 Speretius

382 3100 481 3165 dixit:
517 3099 595 3179 Quae
621 3100 747 3163 dixistis
769 3101 890 3186 seripta
912 3108 995 3165 sunt.
1041 3100 1228 3166 (laeoilianus
1249 3104 1433 3187 respondit:

381 3208 461 3275 cillo
473 3209 554 3291 (sor.
572 3209 620 3271 Ex
636 3208 701 3284 illo,
710 3209 848 3293 Duplex.)
862 3217 912 3274 est
923 3208 1047 3284 salsum,
1061 3231 1224 3295 quousque
1237 3220 1287 3276 est
1298 3213 1433 3297 epistole

381 3342 462 3397 mea,
477 3340 640 3405 quousque
654 3318 738 3382 dixi:
762 3320 846 3383 Bono
860 3321 937 3397 vau,
946 3342 1065 3405 parens
1079 3322 1244 3385 carluiens-
1286 3323 1433 3389 AElianus

381 3428 548 3515 prooonsul
562 3428 663 3493 dixit:
688 3431 790 3506 Quem
805 3430 884 3495 dieis
898 3430 1059 3495 addidisse
1074 3431 1116 3495 nd
1131 3430 1315 3515 epistolem!
1336 3433 1433 3498 Oenei-

414 3584 429 3614 0
441 3572 505 3636 (son
518 3573 586 3636 qua)

413 3656 515 3714 1³(Cum
533 3657 559 3703 in
577 3656 738 3718 superioribus
751 3654 817 3703 uliud
836 3657 940 3719 positum
955 3656 986 3705 sit
1003 3656 1076 3717 hujus
1087 3640 1153 3705 salsa
1169 3656 1274 3720 epistola
1285 3658 1432 3719 exemplum,

380 3754 411 3787 ex
421 3737 530 3800 utrisque
540 3736 678 3797 formulam,
690 3754 744 3801 quus
754 3738 872 3800 sequitur,
880 3738 997 3800 expisosri
1006 3746 1107 3785 onustus
1115 3752 1177 3785 sum.
1200 3737 1270 3786 ‘Hoc
1281 3738 1356 3801 signiri,
1368 3740 1432 3801 qnod

381 3822 413 3868 de
428 3820 559 3882 precatorio
570 3821 600 3866 ad
615 3834 655 3868 me
665 3819 772 3879 misistis,
783 3819 831 3866 nisi
848 3834 909 3879 erro,
920 3828 944 3867 et
955 3829 982 3867 tu
994 3828 1019 3867 st
1029 3818 1088 3881 ipoe,
1098 3821 1168 3881 eujus
1179 3828 1215 3867 est
1230 3819 1397 3880 precatorium,
1408 3830 1433 3868 et

380 3900 470 3961 dixisd,
489 3899 559 3948 Tolle
574 3899 673 3957 daran,
689 3910 715 3949 et
734 3916 793 3963 qnos
814 3900 934 3949 inveneris
952 3902 978 3948 in
995 3900 1110 3949 oethedra
1128 3900 1208 3959 libros,
1224 3910 1249 3948 et
1268 3915 1340 3963 super
1354 3899 1433 3962 lapide

381 3984 481 4044 oodioes,
493 3981 628 4037 wlleillou
645 3983 778 4036 mneside,
794 3981 904 4030 officiales
922 3997 953 4031 ne
969 3982 1055 4031 tollunt
1066 3982 1145 4031 oleum
1156 3990 1180 4029 et
1195 3980 1309 4029 trionum
1345 3981 1377 4029 Et
1388 3996 1433 4043 ego

379 4065 430 4113 dixi
442 4065 494 4123 tibi,
513 4063 554 4110 Tu
565 4062 642 4111 neseis
658 4063 715 4124 quin
725 4063 767 4111 ubi
784 4064 908 4126 seripmree
924 4064 1093 4119 inveniuntur,
1105 4072 1130 4111 et
1147 4063 1198 4123 ipss
1208 4063 1294 4109 domus
1304 4062 1432 4110 dimitnr?

381 4144 416 4193 Et
426 4143 519 4197 dixisti,
531 4143 598 4203 Quid
609 4158 668 4205 ergo
684 4145 822 4193 faciemus?
841 4145 874 4194 lit
889 4145 940 4193 dixi
957 4160 1003 4207 ego
1013 4145 1088 4203 vobis,
1109 4142 1191 4191 Tollet
1207 4140 1294 4204 aliquis
1305 4142 1335 4189 de
1348 4141 1432 4189 vestris

381 4226 407 4273 in
418 4240 508 4284 meam,
519 4224 560 4272 ubi
569 4224 690 4275 orationes
698 4226 818 4283 {mitium
834 4225 882 4274 illio
893 4236 1031 4288 ponantur:
1042 4235 1067 4275 et
1078 4241 1123 4288 rgo
1133 4224 1205 4274 venio
1215 4238 1272 4272 mm
1283 4222 1432 4281 officialibus,

380 4318 406 4357 et
415 4307 481 4357 tollo.
506 4307 539 4356 Et
549 4322 593 4356 nos
601 4307 642 4359 illo
650 4309 771 4366 venimus.
782 4320 808 4359 et
816 4312 898 4357 omnis
908 4310 1009 4359 tulimus
1020 4312 1153 4359 seeundum
1167 4309 1292 4372 placitum,
1302 4318 1326 4357 et
1340 4307 1432 4355 adiuui-

382 4405 437 4438 mun
447 4391 580 4439 mnndum
592 4405 687 4439 ssorum
699 4392 873 4453 preceptum')
