3242 5150
381 412 445 480 150
716 408 1097 474 ANNOTATIONES

385 586 478 649 1062.
494 583 544 648 ed.
567 581 702 660 Petavii‚
717 582 770 645 ubi
791 603 812 645 a
831 581 952 644 minore
965 582 1007 645 ad
1027 581 1130 666 majus
1149 582 1339 666 proceditur.
1384 581 1432 646 Et

380 708 463 766 nunc
478 686 606 750 demum
621 684 858 759 Thorndicinm‚
873 705 968 768 quem
982 705 1079 768 supra
1093 684 1274 761 memoravi,
1290 684 1382 748 video
1396 684 1429 747 in

379 789 461 853 libro
475 809 532 852 suo
547 789 596 852 De
610 789 740 852 Batiam
754 785 881 849 celare
890 785 1042 849 Fiaiendi
1054 786 1277 850 Oontrocemirs
1286 786 1431 850 Ecclesiae

379 899 449 976 cap.
462 913 515 954 xx.
532 914 562 976 p.
572 893 646 975 360.
669 898 706 954 ut
726 889 798 952 huic
819 889 931 951 canoni
953 888 1134 952 addendum
1154 910 1224 952 esse
1243 891 1271 953 ri
1290 889 1430 969 πράττειν

380 993 541 1070 ostendat,
552 981 613 1057 etsi
624 989 744 1056 frustra
755 991 799 1068 id,
810 991 935 1075 opinor,
945 1000 1078 1055 conatus
1089 998 1147 1070 est,
1160 991 1208 1056 ita
1218 991 1407 1056 scribentem
1418 1015 1429 1067 3

380 1101 400 1134 “
414 1094 589 1159 Manifesto
612 1094 795 1170 absurdum,
825 1093 929 1176 majus
957 1114 1035 1172 esse,
1065 1093 1268 1178 presbyteros
1292 1091 1430 1169 urbicos,

380 1205 402 1236 “
419 1217 515 1282 quam
535 1196 789 1281 chorepiscopos,
810 1194 995 1259 ordinandis
1014 1195 1207 1280 presbyteris
1225 1195 1432 1279 dissonisque

380 1308 401 1338 “
417 1298 597 1384 prohiberi3
622 1299 707 1382 quod
729 1297 782 1362 illa
804 1298 940 1362 innuunt
962 1300 1044 1361 ἀλλὰ
1063 1297 1124 1377 μὴν
1142 1296 1248 1377 nuti?
1291 1296 1343 1360 Sic
1364 1296 1428 1374 ille,

381 1399 472 1486 quasi
501 1423 574 1465 vere
605 1401 758 1485 scriptum
787 1407 873 1464 esset
903 1400 1118 1480 πρεσβυτέροις
1151 1402 1277 1465 πόλεως.
1324 1400 1430 1462 Immo

380 1502 504 1581 dubito,
520 1525 561 1566 an
583 1525 654 1567 cum
669 1502 739 1588 ipso
753 1501 807 1565 illo
821 1503 850 1565 ri
864 1500 1014 1582 πράττειν,
1031 1501 1114 1586 qued
1131 1500 1346 1565 Thorndicius
1360 1502 1428 1566 alii-

380 1627 440 1690 que
457 1605 565 1670 volunt
580 1605 707 1682 addere,
725 1605 774 1667 hae
790 1603 917 1688 quidem
931 1603 1096 1688 particulae
1110 1604 1189 1667 satis
1209 1605 1288 1668 bene
1303 1613 1429 1670 consta·

379 1715 462 1771 rent.
495 1707 559 1771 Sed
574 1707 634 1770 hoc
650 1705 763 1770 obiter.
799 1705 934 1769 Interim
949 1705 1010 1768 hac
1023 1705 1160 1770 formula
1173 1707 1329 1780 Zonaras,
1345 1709 1429 1772 msa

378 1809 438 1888 μὴν
462 1811 546 1887 μηδὲ,
573 1830 639 1873 rem
664 1808 842 1892 subjectam
867 1828 905 1870 eo
931 1806 1036 1871 acrius
1062 1807 1252 1892 prohibente
1276 1831 1352 1872 usus
1377 1818 1428 1873 est

379 1912 412 1975 in
422 1910 540 1974 Setelio
549 1911 593 1974 ad
602 1913 756 1975 Carenem
765 1932 837 1973 xxv.
856 1909 972 1974 Ceneil.
984 1908 1128 1994 cauma.
1141 1909 1188 1995 cuj
1194 1931 1230 1973 us
1238 1910 1335 1974 verba
1345 1909 1429 1974 inira

379 2012 566 2077 describam.

422 2115 545 2178 Verum
557 2113 715 2178 enimvero
726 2115 792 2179 fere
803 2135 922 2189 omnes,
934 2112 1009 2196 jura
1019 2113 1073 2197 qui
1084 2120 1217 2178 tuentur
1226 2113 1426 2200 episcopalia,

379 2217 454 2278 dum
470 2214 650 2280 difficultati
670 2215 714 2280 illi
730 2239 769 2281 ex
785 2215 966 2279 urbicorum
987 2208 1243 2300 presbyterorum
1266 2218 1427 2282 mentione

378 2316 453 2380 oriri
469 2316 554 2394 visae,
575 2339 638 2381 non
659 2326 786 2382 tantum
805 2317 848 2381 ab
863 2316 1061 2392 adversariis,
1077 2318 1133 2380 sed
1152 2318 1248 2381 etiam
1264 2341 1285 2382 ο
1303 2342 1336 2383 se
1350 2319 1427 2404 ipsis

377 2419 560 2504 propositae,
579 2419 763 2484 satisfacere
781 2420 924 2505 cupiunt,
940 2426 1093 2505 tanquam
1114 2421 1216 2486 coacti
1238 2422 1427 2489 necessitate

377 2521 493 2609 aliqua,
511 2522 627 2609 quippe
647 2544 719 2588 eum
738 2522 838 2608 probe
858 2522 975 2586 scirent
995 2522 1121 2587 ordines
1136 2546 1244 2589 saeros
1263 2527 1427 2613 apresby-

378 2624 455 2689 teris
470 2625 501 2687 in
517 2625 651 2710 antique
664 2626 795 2689 ecclesia
810 2646 971 2709 nunquam
990 2625 1124 2689 conferri
1142 2628 1261 2705 solitos,
1277 2630 1318 2693 ad
1334 2630 1426 2694 addi·

378 2734 522 2791 tamenta
538 2728 756 2793 nonnullorum
771 2736 912 2792 veterum
928 2727 1137 2812 interpretum
1155 2730 1342 2796 Latinorum
1353 2754 1429 2798 con-

377 2828 488 2913 fugere
517 2830 693 2894 valuerunt.
739 2832 820 2895 Post
849 2830 904 2894 iile
927 2831 1085 2906 nimirum,
1118 2831 1343 2919 chorepiscopis
1367 2857 1428 2900 non

377 2928 464 2992 licere
470 2928 658 3013 ρνοοόριονοκ
672 2940 727 2994 aut
741 2930 882 2995 dissonae
894 2932 1048 3010 ordinm,
1064 2933 1163 2998 habet
1179 2934 1293 2999 Isidori
1312 2938 1424 3017 Verrio,

376 3035 413 3092 ut
427 3050 524 3113 supra
539 3032 663 3095 monuit
678 3032 879 3117 Beveregius,
894 3033 948 3097 sed
959 3055 1011 3097 nec
1018 3033 1201 3121 presbyteres
1214 3037 1348 3103 civitatib
1360 3040 1427 3105 eine

375 3131 506 3215 epiecepi
520 3142 672 3216 praecepte
686 3132 823 3218 amplius
842 3134 961 3220 aliquid
981 3136 1145 3220 imperare,
1161 3138 1210 3203 vel
1230 3140 1298 3205 sine
1317 3149 1425 3206 aucte

375 3232 473 3295 ritate
494 3230 658 3294 literarum
673 3232 741 3317 ejus
762 3234 798 3296 in
819 3256 999 3321 unaqueque
1014 3239 1166 3321 parocbia
1181 3240 1300 3325 aliquid
1320 3264 1425 3328 agere.

377 3334 550 3397 variantur
562 3334 660 3398 verba
674 3334 707 3397 in
721 3336 796 3400 otiis
813 3337 1036 3404 Oelleetione'bue
1052 3341 1207 3405 (leaenam
1222 3344 1358 3409 latinia

419 3435 484 3499 Ubi
509 3436 610 3521 primo
631 3437 708 3501 illud
730 3440 922 3504 monendum
943 3450 1004 3519 est,
1019 3444 1114 3528 hujus
1134 3445 1344 3512 additamenti
1367 3470 1426 3513 nec

374 3537 478 3602 volam
494 3560 550 3603 nec
566 3540 732 3627 vestigium
747 3542 779 3605 in
796 3543 859 3607 ullo
875 3545 987 3609 Graeco
1002 3568 1159 3610 canonum
1175 3548 1224 3611 vel
1238 3549 1423 3634 exemplari,

375 3638 422 3703 vel
438 3639 574 3724 digest0,
591 3642 638 3705 vel
654 3643 781 3708 demum
797 3646 1006 3731 expositione,
1023 3649 1215 3735 deprehendi
1231 3673 1334 3735 posse.
1370 3653 1427 3716 Ad

374 3750 652 3822 commentatores,
668 3746 732 3810 sive
752 3749 958 3833 expositores,
975 3752 1060 3835 quod
1079 3752 1207 3829 attinet,
1223 3754 1368 3839 exemplo
1382 3754 1425 3819 sit

374 3842 555 3922 Aristenus‚
572 3846 625 3930 qui
648 3849 690 3911 ad
712 3858 852 3916 veterem
874 3853 1203 3937 saepetestentur
1223 3878 1294 3919 curn
1309 3856 1426 3921 editam

372 3950 442 4008 tum
458 3944 489 4007 in
506 3946 599 4010 Mero
613 3948 704 4012 Bedl.
718 3954 790 4031 264.
811 3960 984 4032 extantem,
1001 3955 1054 4019 ubi
1075 3957 1213 4041 positum
1228 3966 1308 4035 erat,
1325 3964 1425 4040 Χορε-

370 4049 519 4113 πίσκοπος
533 4049 568 4111 οὗ
583 4057 750 4130 χειροτονεῖ
763 4054 835 4117 ἄνευ
850 4056 1008 4139 ἐπιτροπῆς
1023 4059 1198 4134 ἐπισκόπου,
1213 4060 1281 4123 haec
1296 4070 1424 4125 tuntum

372 4144 479 4223 habet,
504 4144 542 4210 ‘0
564 4148 620 4225 μὲν
647 4150 745 4213 κανὼν
773 4152 858 4220 οὗτος
881 4155 1071 4224 staminas
1092 4159 1161 4224 τοὺς
1180 4161 1425 4241 χωρεπισκόπους

373 4248 479 4310 κωλύει
494 4255 677 4329 χειροτονεῖν
692 4252 764 4315 ἄνευ
780 4255 936 4335 ἐπιτροπῆς
949 4258 1121 4323 ἐπισκόπου.
1162 4259 1212 4324 De
1226 4267 1302 4324 actu
1316 4260 1426 4344 aliquo

371 4348 629 4432 presbyterorum
646 4352 784 4417 civitatis
797 4376 927 4439 prorsus
945 4356 1032 4420 nihii.
1079 4359 1173 4425 Adde
1189 4360 1272 4445 quod
1292 4361 1324 4425 in
1340 4361 1424 4425 hunc

372 4451 501 4515 modum
523 4474 675 4518 canonem
697 4457 845 4541 exposuit
867 4458 941 4521 MS.
963 4459 1053 4525 Bodl.
1071 4463 1230 4527 Arabicus
1252 4487 1272 4527 a
1294 4464 1422 4527 Thorn-
