3242 5150
377 399 426 460 IN
453 399 669 462 CONCILII
695 399 901 462 NEOCAES.
926 398 1155 462 CANONES.
1226 395 1290 466 193

240 590 352 632 norum
369 591 482 646 mores,
499 569 559 632 hoo
574 577 624 632 est
638 577 711 653 post
727 578 891 653 pernotum
906 569 1112 652 baptismum,
1123 590 1194 633 oum
1209 567 1290 631 Neo-

241 670 418 734 oaesariensi
434 692 553 734 canone
568 670 721 733 conciliet.

648 871 800 935 CANON
825 872 886 934 VI.

285 982 323 1042 P.
343 980 414 1064 183.
439 981 459 1042 l.
477 999 504 1043 2.
533 983 609 1060 Περὶ
632 985 845 1062 κυσφορούσης,
872 985 917 1046 ὅτι
941 988 987 1047 δεῖ
1010 984 1192 1063 φωτίζεσθαι
1215 983 1287 1067 &o.]

243 1083 384 1145 Canonis
412 1083 573 1169 synopsin,
598 1083 698 1166 magis
724 1105 820 1166 quam
846 1085 915 1168 ipsa
940 1085 1069 1148 canonis
1098 1084 1203 1162 verba,
1230 1085 1291 1148 hoe

242 1205 352 1266 sapere
381 1183 516 1246 videtur.
573 1184 673 1246 Paulo
703 1193 776 1268 post
809 1191 910 1249 κοινοῦ
936 1209 995 1270 pro
1028 1193 1166 1249 κοινωνοΐ
1192 1186 1291 1250 habet

242 1285 366 1366 Lloyda‘e'
378 1286 453 1348 MS.

287 1387 369 1449 Ibid.
413 1391 461 1451 διὰ
489 1387 523 1450 τὸ
558 1388 684 1452 ἑκάστου
715 1392 791 1452 ἰδίαν
820 1391 892 1476 bra]
933 1390 985 1452 Ad
1019 1389 1145 1453 literam
1173 1397 1292 1468 vertes,

243 1487 338 1550 Nihil
357 1489 438 1552 enim
459 1490 493 1552 ia
514 1489 572 1553 Ιιασ
593 1490 712 1574 quidem
727 1512 759 1553 re
780 1513 929 1554 σοαιοιαιισ
942 1490 1029 1555 laba
1043 1491 1101 1555 ι’ίία
1121 1513 1188 1576 quw
1200 1495 1293 1576 parit

242 1609 307 1653 eam
323 1599 423 1674 porra
436 1611 499 1668 οιιο,
515 1593 657 1676 quoniam
673 1593 755 1656 illud
772 1595 861 1678 optut
871 1594 1086 1678 professionem
1102 1596 1291 1678 propositum

236 1694 400 1776 proprium
424 1715 482 1756 esse
504 1695 644 1779 cujusque
669 1696 853 1760 declaratur.
889 1697 1016 1761 Etenim
1044 1697 1213 1761 articulum
1238 1698 1293 1776 τὴν

242 1802 319 1858 anto
345 1797 393 1858 ἐπὶ
423 1803 577 1879 praestant
603 1819 674 1860 uum
699 1799 786 1874 aditi,
812 1807 881 1862 tum
906 1820 982 1863 voro
1007 1799 1171 1862 Bodleiani
1198 1816 1295 1864 οιαασο

243 1903 361 1978 prater
381 1897 456 1961 duos
481 1896 550 1960 illos
576 1915 647 1981 205.
667 1906 700 1961 et
723 1900 794 1982 158.
853 1899 1004 1963 Oont'eras
1029 1897 1066 1961 ol.
1093 1897 1166 1960 Gul.
1195 1898 1290 1963 Wall.

243 1998 416 2061 Historiam
431 1997 671 2082 Poecloboptismi
689 1999 825 2084 Anglioa
840 2000 947 2085 lingua
962 1999 1183 2083 conscriptam,
1200 1998 1259 2062 vol.
1272 1999 1292 2062 i.

244 2121 275 2183 p.
288 2102 339 2184 63.
354 2121 374 2164 a
389 2100 410 2163 J
413 2101 555 2164 ohnsono
570 2102 611 2163 ad
627 2101 711 2163 huno
726 2122 879 2166 canonem
895 2103 1067 2165 laudatam.

291 2200 373 2264 Ibid.
396 2201 416 2263 l.
432 2223 464 2278 4.
490 2203 544 2280 τὴν
568 2203 618 2265 ἐπὶ
642 2203 678 2288 τῇ
700 2204 862 2290 ὁμολογίᾳ]
893 2206 1036 2268 «Ioannes
1060 2202 1213 2266 Antioeb.
1238 2202 1290 2266 tit.

245 2303 351 2365 xxxvi.
375 2303 473 2366 habet
488 2303 542 2380 τὴν
565 2305 613 2367 ἐπὶ
636 2309 670 2382 τῇ
692 2307 843 2389 μετανοίᾳ,
864 2305 930 2384 ἤτοι
949 2306 1105 2388 ὁμολογία.
1129 2303 1293 2366 Hennam.

247 2403 479 2488 Albaspinaeus,
490 2405 521 2466 in
533 2406 626 2468 Notis
636 2407 670 2468 in
681 2407 825 2490 maedam
838 2408 972 2470 Oenones
983 2407 1185 2470 Ooaoibioram
1196 2405 1293 2482 Asia,

244 2506 285 2571 ad
308 2505 361 2568 fin.
390 2505 553 2570 Observare.
578 2508 613 2568 in
644 2509 702 2570 Vei.
724 2508 835 2570 Eoolas.
860 2509 967 2571 Ritus:
995 2516 1014 2543 “
1032 2508 1113 2587 Quia
1129 2508 1295 2593 propriam

246 2616 266 2643 “
281 2609 509 2693 uuiuscujusque
524 2612 727 2694 propositum,
751 2611 793 2683 ,do
818 2610 881 2673 fide
905 2608 1186 2694 interrogabantur
1211 2616 1296 2672 eate-

247 2716 266 2743 “
281 2709 425 2773 ohumeni
449 2718 621 2795 antequam
645 2712 902 2794 baptisarentur;
926 2732 1027 2795 neque
1049 2710 1144 2774 aliter
1164 2710 1206 2773 ad
1229 2710 1296 2772 fon·

245 2816 267 2845 “
282 2817 347 2873 tem
362 2809 478 2873 lavaori
495 2810 650 2875 admissos
665 2812 812 2895 reperies,
828 2812 887 2875 nisi
904 2812 971 2896 ejus
983 2813 1139 2876 rationem
1154 2811 1294 2895 aliquam

245 2918 268 2949 ‘⁴
283 2911 512 2987 reddidissem
529 2914 714 2998 intempore
729 2936 775 2976 σοι
789 2921 908 2978 uostrae
918 2915 991 2978 fidei
1007 2915 1209 2992 sacerdotes3
1229 2915 1296 2977 etsi

247 3012 481 3095 “providerint
495 3014 530 3075 in
545 3014 638 3077 Patre
659 3024 686 3077 et
701 3014 794 3091 Filio,
810 3025 838 3079 ot
860 3016 984 3099 Spiritu
1006 3018 1117 3079 Sancto
1131 3037 1179 3079 eos
1199 3013 1296 3099 bapti·-

247 3122 266 3148 “
280 3124 368 3185 satos,
390 3116 445 3177 &a
491 3115 680 3179 Arelatenso
698 3116 835 3201 primum
857 3139 926 3183 oan.
942 3118 971 3179 8.
1017 3118 1181 3180 Praeterea
1201 3116 1296 3201 paulo

247 3223 267 3251 “
281 3223 454 3299 antequam
476 3225 704 3300 mergerentur,
726 3218 919 3303 baptismum
942 3240 976 3281 se
998 3224 1122 3303 optare,
1138 3239 1172 3281 se
1194 3218 1297 3302 bapti-

248 3316 345 3379 “sari
367 3316 456 3393 velle,
473 3339 590 3402 magna
609 3340 685 3381 voee
704 3318 988 3383 contestabantur:
1012 3341 1083 3401 quae
1104 3340 1176 3381 oum
1196 3319 1238 3382 ab
1257 3319 1297 3383 iis

248 3424 267 3453 “
282 3420 336 3503 qui
358 3427 525 3503 parentum
549 3426 641 3483 utero
663 3419 908 3496 includerentur,
925 3441 987 3482 uon
1007 3428 1137 3504 possent
1157 3420 1237 3495 fleri,
1253 3421 1294 3483 ad

246 3526 267 3556 “
283 3519 411 3583 eosdem
426 3519 576 3604 baptismi
593 3521 638 3584 vis
653 3529 686 3584 et
701 3521 807 3605 gratio
823 3522 986 3605 pervenire
1001 3531 1034 3585 et
1049 3529 1217 3606 penetrare
1231 3542 1296 3584 non

248 3630 267 3659 ‘⁴
283 3630 419 3706 poterat.
466 3622 561 3687 Hune
583 3624 687 3707 ipsum
710 3645 862 3687 canonem
884 3624 931 3687 ita
953 3624 1183 3707 interpretatur
1205 3623 1294 3687 Mar·

248 3732 267 3762 “
284 3726 368 3789 tinus
392 3726 605 3800 Braoarensis‚
623 3748 696 3788 nam
717 3726 798 3788 nibil
818 3726 852 3787 ιἰι
873 3726 925 3788 hoe
940 3724 1115 3808 participat
1132 3732 1230 3786 mater
1248 3723 1296 3785 ιά-

249 3835 268 3863 “
275 3826 366 3909 sueti
388 3828 442 3911 qui
462 3828 622 3902 nescitum
640 3838 803 3913 propterea
818 3826 899 3911 quod
916 3826 1077 3909 anianique
1089 3824 1223 3909 propria
1246 3845 1295 3887 oo-

249 3940 268 3961 “
284 3928 386 3992 tantae
400 3928 434 3991 ia
449 3928 626 4013 caesarione
640 3930 847 3993 monstretur.”
861 3951 893 4013 p.
905 3946 980 4012 371.
995 3927 1043 3990 ed.
1062 3926 1260 3990 Helmestad.

293 4027 373 4092 ibid.
396 4029 416 4091 l.
428 4046 461 4113 5.
488 4030 673 4116 δείκνυσθαι]
694 4031 894 4095 Balsamonis
919 4032 1078 4093 Conamen.
1114 4029 1204 4093 Τιοὶο
1228 4028 1294 4090 ἔλε-

249 4156 313 4211 γον,
328 4131 368 4209 μὴ
379 4133 515 4211 ὀφείλειν
529 4134 727 4209 ῥαπίζεσθαι
741 4136 793 4199 τὰς
809 4135 842 4210 ἐξ
856 4133 990 4196 ἀπίστων
1005 4130 1193 4212 τῇἕκκλησία
1203 4154 1297 4208 προσ-

249 4232 411 4313 ερχομένας
433 4236 647 4313 κοσφοροιίσας,
670 4232 737 4296 ἀλλ’
762 4235 922 4313 ἀναμέσειο
943 4233 998 4309 τὴν
1025 4234 1066 4296 είς
1094 4229 1128 4291 τὸ
1158 4234 1221 4309 φῶς
1244 4235 1297 4291 τοῦ

251 4330 368 4395 τοκέτου
384 4334 548 4411 ίξέλεοσιν,
563 4336 612 4397 iva
626 4335 665 4412 μὴ
681 4336 784 4413 ταύτης
800 4332 1026 4411 βαπτιζομένης,
1042 4333 1111 4408 δόξῃ
1132 4331 1299 4405 συμβαπί·

295 4454 359 4493 von.
377 4456 418 4496 ιο.
756 4457 801 4497 ce
