3242 5150
518 411 568 474 ru
593 413 627 476 s,
653 387 895 478 rumunn-
920 366 1064 442 ··‘·'·-³‘
1080 367 1105 438 ³1
1123 387 1137 426 ·-
1161 363 1283 482 ῑιῑὼὲκ
1299 387 1368 432 12

183 595 333 676 κινήσεται
362 604 422 662 τῶν
451 601 485 664 ἐν
510 604 546 679 τῇ
575 599 735 687 ποδοκᾶκῃ,
765 604 805 686 τῷ
831 601 1009 687 φαυλοτάτην
1037 608 1097 666 τῦν
1122 606 1228 683 ξύλον.

183 698 286 760 Porro
300 698 383 763 aieut
403 698 435 762 iu
457 699 518 764 heu
533 699 654 764 Phileae
673 699 808 785 epistole
823 704 916 782 ξθλον
932 703 1028 767 modo
1045 724 1104 788 pro
1123 704 1231 769 eeuleo

182 799 329 877 sumitur,
345 801 440 864 modo
459 823 518 887 pro
537 824 651 867 nervo:
675 802 724 868 ita
742 804 775 867 in
792 804 886 870 Aetia
900 805 1059 870 Theodori
1076 806 1232 892 Martyria

183 923 255 986 quae
285 902 445 968 habentur
474 905 560 990 apud
591 905 719 970 Surium
749 906 802 970 die
823 926 854 988 9.
880 907 1079 986 Novembris,
1111 909 1231 995 lignum

183 1003 301 1089 duplici
322 1005 418 1069 modo
438 1007 603 1091 accipitur.
627 1007 786 1072 Vuuuerus.
831 1007 988 1074 Eusebius
1007 1009 1041 1073 iu
1061 1009 1114 1074 lib.
1137 1012 1233 1076 modo

184 1115 432 1172 commemorato
456 1109 505 1173 De
527 1110 664 1193 Murtyr.
686 1109 816 1174 Palen.
839 1132 909 1196 eap.
929 1132 956 1176 1.
981 1133 1057 1177 rooe
1077 1112 1119 1177 de
1143 1135 1230 1178 eom·

184 1209 317 1295 pedibus
342 1209 453 1295 ligneis
478 1210 571 1274 simili
593 1210 689 1275 modo
714 1233 801 1290 usur,
825 1213 1021 1296 νυχθήμερον,
1043 1213 1155 1298 iuquit,
1173 1216 1232 1280 ὑπὸ

184 1311 320 1392 τέσσαρα
339 1318 391 1376 τοῦ
411 1316 608 1396 κολαστηρίου
626 1314 716 1393 ξθλου
732 1314 898 1394 κεντήματα
910 1316 979 1383 τοὺς
992 1318 1086 1383 πόδας
1099 1343 1231 1398 παρατα-

184 1413 295 1481 θέντες.
333 1415 445 1479 Habet
459 1415 680 1495 ἀνατεταμένοι
694 1437 753 1501 pro
768 1417 973 1496 διατεταμένοι
986 1418 1118 1503 Νίοςρίι.

230 1520 268 1582 P.
280 1539 333 1602 90.
348 1519 369 1582 1.
383 1535 412 1600 7.
432 1519 473 1599 pb
492 1518 683 1603 δυναμένους]
700 1518 782 1582 Post
795 1539 904 1583 voeem
918 1522 1099 1600 δυναμένους
1118 1522 1234 1589 deeuut

185 1643 277 1686 voees
297 1623 414 1703 ὀρθίους
436 1621 521 1695 εἶναι,
543 1621 591 1686 vel
614 1621 691 1704 quid
713 1621 823 1685 simile.
847 1621 904 1687 W.
921 1621 1052 1686 Lowrn.
1096 1625 1234 1690 Addunt

187 1723 448 1810 ctffaoptorsont
461 1726 555 1788 Lem.
570 1730 605 1788 et
619 1723 737 1808 Ιαίοφ.
752 1723 850 1788 verba
864 1729 957 1787 κινεῖν
972 1727 1100 1793 temous.
1145 1726 1235 1791 Nihil

185 1828 308 1891 interea
322 1826 391 1911 opis
413 1847 453 1890 ex
474 1832 581 1890 vetere
602 1826 777 1911 interprete
791 1826 907 1913 ltujiuo
927 1825 1067 1903 habebis,
1083 1827 1137 1912 qui
1159 1829 1235 1894 Phi-

184 1926 268 1992 leam
291 1928 442 1992 vertendo
464 1926 511 1992 ita
533 1925 695 2004 breviavit,
715 1927 811 1991 immo
831 1926 990 1991 interdum
1012 1927 1060 1992 ita
1081 1929 1181 2007 auxit,
1197 1937 1234 1996 ut

185 2028 309 2093 auetori
343 2049 407 2092 non
432 2027 544 2092 eadem
573 2035 700 2093 constet
727 2028 834 2095 faties.
884 2027 953 2092 Nisi
982 2050 1058 2094 vero
1084 2030 1234 2095 subaudi·

186 2132 303 2197 endum
321 2137 370 2197 eet
390 2135 497 2211 στῆναι
511 2153 582 2196 uum
596 2129 636 2211 μὴ
651 2131 839 2212 δυναμένους,
856 2131 1122 2215 quemadmodum
1136 2133 1234 2198 vertit

189 2235 341 2312 Valesius,
363 2235 404 2315 μὴ
425 2234 605 2314 δυναμένους
626 2253 784 2318 exponere
803 2233 912 2298 licebit
929 2233 1099 2317 intepuere,
1115 2233 1233 2300 debite.

187 2341 281 2403 Nune
292 2339 390 2403 refert
399 2337 571 2415 Burtouue,
582 2338 726 2401 ὀναστεῖν
734 2335 809 2400 eddi
821 2343 895 2420 poet
907 2336 1127 2416 δυναμένονςία
1135 2337 1235 2403 ordire

186 2441 324 2506 Floreat.
335 2442 441 2527 priori
454 2441 497 2505 ad
512 2439 605 2503 tinem
617 2438 708 2504 liueoe
723 2439 755 2502 iu
770 2438 913 2523 margine
926 2459 948 2502 a
961 2439 1099 2503 secunda
1113 2461 1219 2504 manu.

232 2541 317 2607 Ibid.
330 2541 350 2606 Ι.
362 2559 409 2605 10.
424 2538 612 2624 προσβολῆς]
629 2537 811 2632 Addituriu
824 2538 1082 2625 Odnittopdomm'
1092 2542 1187 2608 Loeu.
1200 2550 1235 2608 et

189 2647 305 2731 Intorp.
319 2645 470 2724 ἡμιθανεῖς
484 2644 542 2707 καί.
587 2640 707 2707 Confer
716 2641 770 2705 lin.
784 2658 835 2726 15.
859 2642 948 2706 Mox.
965 2643 1060 2706 Ινςσίί.
1074 2643 1147 2707 ooed.
1161 2668 1235 2726 παρ-

189 2756 273 2831 εῖχον
287 2768 346 2832 pro
360 2745 552 2829 παρέχοντες.

234 2850 317 2915 ibid.
332 2849 353 2911 l.
371 2868 418 2916 ια.
433 2854 493 2911 τῶν
506 2847 654 2928 βασάνων
668 2851 721 2915 τὸς
736 2846 884 2933 ἐπινοίας]
904 2851 957 2915 τὰς
973 2852 1033 2911 τῶν
1051 2856 1084 2929 β.
1102 2850 1236 2917 ἐπινοίας

187 2953 320 3039 Nieopd.
357 2951 462 3037 Supra
476 2950 575 3015 habes
588 2949 687 3014 πάντα
700 2951 757 3030 μὲν
770 2951 865 3013 πόνον
880 2949 928 3013 καί
939 2950 1080 3018 παντοίας
1091 2953 1235 3031 αίκισμθν

190 3056 330 3122 ἐπινοίας.
348 3075 379 3138 p.
395 3053 445 3115 88.
460 3051 481 3115 l.
492 3072 524 3135 5.
570 3050 651 3116 Oum
673 3050 723 3115 his
743 3058 853 3116 autem
868 3049 988 3115 Phileoe
1003 3052 1147 3117 eonferue
1171 3049 1235 3115 Eu·

188 3153 316 3217 sebiane
330 3150 383 3214 illa
398 3150 438 3213 de
455 3148 649 3234 martyribus
664 3170 733 3234 eap.
749 3167 796 3213 ια.
815 3148 909 3234 hujue
924 3147 978 3212 iib.
990 3148 1052 3213 viii.
1068 3149 1116 3214 διά
1129 3176 1163 3215 τε
1177 3156 1236 3215 τόν

188 3253 361 3336 ἆποῤῥήτεον
377 3254 472 3333 ἐτεροι
485 3257 587 3331 μελῶν
605 3276 638 3314 τε
660 3252 708 3315 καί
728 3250 915 3333 σπλάγχνων
934 3254 1061 3335 οίσχρὸς
1076 3252 1125 3315 καί
1139 3254 1233 3332 ἀσυμ-

188 3362 292 3423 παθεῖς
307 3356 355 3419 καί
369 3354 437 3419 οὐδὲ
451 3355 534 3438 λόγῳ
548 3354 638 3433 ῥητὰς
651 3352 800 3431 ὑπέμενον
818 3351 924 3426 πάθας,
940 3350 977 3419 ἃς
995 3356 1025 3416 οἱ
1038 3360 1173 3434 γενναῖοι
1188 3359 1236 3418 καί

189 3460 306 3537 νόμιμοι
320 3456 456 3520 δικασταὶ
470 3454 524 3533 τὴν
535 3461 624 3535 σφῶν
635 3456 868 3534 ἐπιδεικνύμενοι
879 3456 1040 3535 δεινότητα,
1054 3455 1155 3538 ὥσπέρ
1169 3482 1236 3521 τινα

189 3561 299 3642 σοφίας
314 3558 422 3639 ἀρετὴν
436 3558 665 3638 φιλοτιμότερον
678 3555 933 3621 ἘΠΕΝΟΟὙΝ.

234 3661 317 3726 Ibid.
342 3660 362 3723 1.
380 3680 428 3743 19.
449 3657 617 3742 ἐγίγνοντο]
641 3658 777 3738 ἐγίνοντο
802 3658 902 3721 MSS.
924 3657 1015 3722 Bodl.
1039 3666 1075 3723 et
1093 3660 1235 3743 Norfole.

190 3763 330 3845 ἐγίνοντο
345 3760 476 3845 Νῑοσρλ.
522 3759 616 3823 Nune
636 3759 728 3823 addit
749 3758 912 3825 Bur-tenua
933 3760 1018 3825 redd.
1041 3762 1126 3826 Med.
1148 3764 1235 3828 Μαν.

188 3865 297 3929 Fukot.
314 3870 348 3927 et
362 3872 527 3947 utrumque
542 3860 762 3925 Fdrrentiuum.

233 3966 270 4029 P.
281 3987 332 4051 91.
347 3966 368 4029 1.
382 3984 411 4029 α.
427 3969 477 4043 τῆς
493 3964 640 4045 ἐπαράτου
656 3964 840 4052 ἐλευθερίας]
858 3964 1056 4029 Libertatem
1068 3966 1236 4043 vocabant,

190 4090 261 4132 eum
276 4067 347 4153 quie
365 4065 496 4132 vinculis
517 4065 701 4138 solveretur,
717 4072 751 4129 et
770 4064 869 4130 iibere
890 4088 954 4150 quo
972 4065 1067 4130 vellet
1086 4067 1175 4131 abire
1197 4066 1237 4129 ei-

190 4178 330 4233 neretur.
384 4169 463 4251 Quae
477 4190 539 4232 vox
559 4190 622 4232 uon
645 4190 718 4232 raro
732 4167 871 4232 obcurrit
892 4167 976 4253 apud
1001 4168 1182 4244 Eusebium,
1198 4190 1238 4232 eo

191 4292 283 4337 eeueu
294 4292 387 4357 quem
398 4270 476 4336 dixi.
508 4270 560 4335 Sia
570 4272 694 4335 Aretor
706 4270 738 4333 iu
753 4269 865 4335 libroi.
878 4270 1074 4356 Apostoiieoe
1086 4270 1235 4334 historiae.

383 4408 512 4422 —-
521 4373 677 4437 ιίουιποθὶο
683 4372 763 4455 siuti

388 4474 528 4539 [sitm
541 4486 582 4539 eet
587 4476 681 4559 seete
695 4474 763 4539 reia.
