3242 5150
367 397 410 462 56
720 391 1073 459 ANNOTATIONES

413 569 450 631 Ρ.
475 585 525 651 25.
547 566 567 630 l.
592 586 622 644 4.
645 565 719 646 πρὸς
736 566 776 650 τῷ
795 564 886 648 ἑτέρῳ
907 561 1022 647 χρόνῳ]
1054 562 1108 625 Ad
1131 559 1303 625 triennium
1323 581 1422 645 supra

368 675 589 742 memoratum,
605 667 708 751 iuquit
723 667 877 731 Zonaras.
902 666 1066 727 Heroum.

413 771 496 835 lbid.
510 771 531 834 l.
550 791 582 856 5.
598 772 672 851 ὑπὲρ
693 773 747 834 τοῦ
765 767 922 853 ὀνόματος]
954 768 995 829 In
1012 765 1102 830 oditis
1121 765 1276 850 sequitur,
1299 764 1348 829 vel
1368 771 1422 827 τοῦ

369 879 512 956 Χριστοῦ,
535 871 584 936 vel
607 877 658 934 τοῦ
681 875 775 944 Θεοῦ,
797 876 946 934 neutrum
968 867 1213 952 agnoscentibus
1234 867 1365 952 quinque
1385 887 1423 929 ου

370 973 521 1040 coelem
535 974 630 1048 mein
651 972 776 1058 phrasis
791 972 876 1036 enim
890 969 1098 1055 scriptoribus
1111 969 1271 1034 veteribus
1285 966 1424 1032 solennis

370 1083 430 1153 eet,
452 1077 485 1141 in
505 1075 616 1141 Sooeti
636 1074 767 1138 Jooem's
787 1073 912 1159 aptota
933 1072 1026 1137 tertio
1047 1093 1159 1135 oomm.
1184 1087 1213 1153 7.
1233 1077 1371 1156 reperta,
1394 1069 1422 1135 si

371 1179 465 1241 modo
479 1199 555 1242 vere
569 1176 612 1242 sit
627 1176 785 1261 scripture
799 1175 909 1239 avitis
924 1174 1028 1240 dootis
1042 1174 1187 1260 probatu,
1202 1175 1277 1254 ὑπὲρ
1292 1176 1350 1254 γὰρ
1368 1178 1424 1236 τοῦ

371 1281 516 1359 ὀνόματος
528 1281 664 1357 ἐξῆλθον,
674 1279 767 1358 μηδὲν
777 1277 987 1356 λαμβάνοντες
997 1275 1056 1340 lut
1065 1282 1124 1339 νῦν
1135 1278 1239 1349 ἐθνῶν,
1250 1275 1304 1338 ubi
1313 1282 1424 1338 tumen

371 1402 457 1463 saepe
472 1381 594 1444 editum
608 1386 658 1444 est
673 1379 764 1442 αὐτοῦ
777 1385 852 1464 post
862 1379 1015 1460 ὀνόματος.
1061 1377 1214 1443 Similiter
1227 1378 1370 1442 variatur
1389 1377 1424 1440 in

371 1485 441 1548 Aa.
464 1483 566 1568 Δροσί.
582 1505 610 1546 v.
626 1501 682 1561 41.
727 1480 790 1545 Sed
816 1487 850 1544 et
871 1480 954 1544 infra
976 1480 1009 1544 in
1036 1480 1164 1546 Oenone
1182 1480 1266 1545 XII.
1281 1502 1353 1565 pag.
1368 1500 1423 1559 40.

371 1583 427 1648 lin.
449 1600 496 1667 17.
520 1585 637 1648 Petrus
659 1582 704 1647 sio
725 1581 851 1646 loeutus
873 1588 932 1645 est.
978 1579 1074 1650 Quod
1096 1581 1215 1645 attinet
1236 1581 1277 1644 ed
1299 1587 1425 1645 eeteros

374 1687 465 1751 oodd.
481 1685 683 1759 Bodleianos,
699 1684 820 1748 hebent
834 1682 1089 1748 additamentum
1103 1688 1156 1747 τοῦ
1173 1685 1294 1764 Κυρίου,
1307 1683 1425 1768 quippe

374 1785 407 1848 in
441 1783 618 1849 vacillantis
651 1783 725 1847 fidei
762 1782 952 1847 lectionibus
986 1783 1145 1868 seriptum
1177 1782 1293 1847 variari
1330 1782 1424 1858 solet,

375 1886 459 1952 oodd.
480 1888 552 1972 158.
573 1893 607 1950 et
628 1887 680 1950 86.
697 1884 808 1950 itidem
828 1884 890 1949 cod.
910 1885 1006 1971 3385.
1030 1885 1086 1949 sed
1107 1890 1161 1949 τοῦ
1180 1885 1316 1959 omisso3
1340 1885 1427 1949 solus

375 1988 505 2053 exhibet
518 1994 572 2052 τοῦ
586 1991 718 2069 Χριστοῦ
732 1986 797 2051 eod.
815 2003 888 2072 205,
904 1987 1007 2051 nullus
1021 1987 1213 2052 Bodleianus
1226 1992 1280 2051 τοῦ
1293 1993 1388 2052 Θεοῦ.

420 2090 504 2155 ibid.
519 2089 539 2154 l.
554 2106 582 2172 7.
600 2087 676 2171 ὅπερ
690 2092 947 2153 πολλαπλασίονα
961 2091 1166 2177 ἀποδώσουσι]
1180 2091 1332 2154 Zonaras.
1341 2088 1428 2153 Ἀντὶ

376 2197 437 2266 τοῦ,
454 2190 519 2256 ἀνθ’
535 2193 577 2256 ὧν
588 2190 768 2270 ἀπήλαυσαν
783 2193 818 2254 ἑν
832 2191 868 2270 τῇ
883 2195 1014 2273 φυλακῇ,
1029 2197 1245 2271 μετανοοῦντες
1261 2192 1428 2273 θλίψουσιν

378 2294 499 2360 ἑαυτοὺς
514 2293 562 2357 καὶ
578 2294 746 2357 κακιῦσονσι
760 2294 1007 2360 πολλαπλασίως.
1040 2291 1254 2377 Similiterque
1271 2293 1427 2377 interpre-

378 2403 468 2461 tetus
481 2402 531 2460 est
545 2395 642 2460 verbe
657 2394 887 2472 Tillemontius‚
902 2395 956 2460 ubi
971 2416 1087 2480 supre3
1111 2416 1150 2460 eu
1163 2417 1238 2460 vero
1252 2395 1359 2460 molim
1373 2417 1429 2458 ex·

378 2517 496 2582 ponere
511 2497 551 2560 de
564 2495 674 2560 officiis
688 2496 964 2560 remunerantibus
977 2495 1041 2570 illu,
1057 2519 1128 2583 quae
1141 2497 1182 2560 ad
1196 2496 1336 2583 ipsorum
1354 2516 1429 2559 oon·

379 2598 565 2663 solationem
580 2622 601 2664 o
613 2600 767 2665 fratribus
782 2600 928 2685 praestite
942 2606 1058 2664 essent.
1103 2599 1262 2665 Oaeterum
1278 2605 1355 2663 unte
1376 2620 1429 2661 me

379 2702 524 2767 ediderat
539 2701 731 2787 Beveregius
745 2700 833 2783 ὅπερ,
848 2703 933 2787 quod
953 2701 1083 2766 firmant
1102 2702 1213 2767 οοιῦὶοοο
1231 2701 1351 2787 tempti,
1370 2721 1429 2786 pro

380 2805 447 2869 οἳπε
467 2854 474 2871 .

426 2832 509 2969 liid.
524 2905 546 2969 l.
563 2925 611 2969 10.
635 2911 761 2987 Πνεῦμα
775 2908 899 2991 Κυρίου]
923 2912 976 2970 τοῦ
990 2913 1066 2971 aute
1081 2907 1191 2988 Κυρίου
1201 2905 1259 2983 vel,
1272 2912 1309 2970 ut
1319 2903 1428 2989 aliqui,

382 3012 474 3085 Θεοῦ,
490 3007 611 3072 habent
624 3007 710 3085 edili,
732 3009 788 3073 sod
811 3009 1014 3094 refragantur
1032 3008 1117 3073 eodd.
1137 3029 1237 3073 omnes
1251 3007 1430 3082 Bodleiaoi,

381 3107 503 3194 puriter
516 3115 614 3194 etque
633 3130 722 3173 ταστσ
736 3108 855 3184 Billis,
878 3110 911 3174 in
932 3112 1047 3195 quibus
1065 3116 1181 3193 πνεῦμα
1202 3113 1311 3193 Κυρίου
1328 3117 1430 3174 extat.

382 3210 585 3296 Quapropter
610 3210 685 3274 illud
710 3216 762 3276 τοῦ
786 3212 896 3277 delevi.
956 3214 1084 3277 Meoum
1107 3213 1212 3277 looere
1235 3234 1318 3277 nuno
1339 3212 1431 3276 video

383 3312 532 3400 Syllogen
557 3321 726 3399 utramque
754 3315 912 3394 Graecam,
934 3323 969 3381 ot
995 3315 1196 3381 novissimam
1219 3305 1436 3380 (lonoiliorum¹

382 3416 564 3494 editionem,
581 3440 653 3503 quae
669 3416 840 3483 Munsiuna
854 3427 912 3484 est.

782 3583 935 3650 OANON
958 3584 1029 3648 III.

428 3694 465 3757 P.
490 3695 540 3761 26.
563 3693 583 3757 l.
610 3714 637 3758 1.
660 3696 889 3776 προδεδομένοιτ
905 3697 963 3760 ὑπὸ
983 3697 1107 3783 δειλίας]
1132 3697 1243 3761 Minus
1264 3706 1351 3762 reete
1372 3699 1433 3761 ἀπὸ

384 3815 442 3879 pro
451 3795 509 3859 ῦπδ
521 3796 722 3861 Oeneum
730 3797 823 3861 editio
831 3798 1012 3873 Ηατιίυἰπσ,
1023 3800 1254 3884 novissimoque
1263 3800 1435 3865 Mumiano

385 3905 418 3963 et
432 3898 513 3963 aliae.
558 3900 750 3965 correxerat
763 3900 964 3987 Beveregius.

429 3999 512 4063 ibid.
527 4000 547 4063 l.
565 4020 613 4081 14.
630 4004 718 4086 ἐντῷ
734 4002 909 4083 διαστήματι
929 4008 981 4066 τοῦ
1001 4007 1145 4069 τοσούτου
1168 4005 1294 4089 χρόνου]
1313 4003 1435 4086 Ἤγουν

386 4102 435 4166 ἐπὶ
446 4102 626 4183 τετραετίαν,
636 4109 724 4167 reete
733 4103 781 4168 uit
790 4105 944 4179 Zonaras,
954 4106 1224 4170 eonsentientibus
1236 4104 1434 4179 lesomone‚

386 4201 542 4277 Aristino,
570 4203 781 4283 Tillemoutio‚
804 4205 1035 4292 Johnsonoque
1057 4206 1090 4271 in
1115 4209 1278 4291 Interpret.
1303 4206 1435 4293 Αορῐὶσσ

388 4304 543 4369 Curionum
558 4304 733 4372 Εσσδοοίσον.
764 4307 820 4382 Et,
837 4330 1029 4394 quemquem
1045 4310 1190 4375 Fleurius
1204 4310 1237 4374 in
1251 4310 1333 4374 Hist.
1349 4307 1433 4372 Eeel.
