3242 5150
387 389 711 457 214JUSTELL1
737 390 801 453 ET
827 388 1091 452 BEVEREGII
1114 389 1395 453 ANNOTATT.

388 567 481 622 neutris
499 565 537 622 sit
558 562 741 638 dispensatio,
766 563 891 642 qnoedonr
914 571 1008 620 tomen
1030 561 1232 620 ecciesiasticis
1252 561 1362 640 regulis
1384 562 1443 620 sibi

384 661 530 738 prohibito
546 661 683 724 noverint,
695 661 770 718 sicut
779 659 1009 738 presbyterorum
1024 667 1050 716 et
1061 658 1245 718 diaconorum
1254 659 1438 717 consecratio.

386 757 591 835 chorepiscopi
613 766 710 814 autem
726 756 865 814 dicuntur
878 756 928 832 qui
950 755 980 812 in
1003 755 1180 831 regionibus,
1195 756 1273 833 egris
1290 766 1342 814 sut
1356 755 1439 832 pagis

384 854 542 934 prepositi,
568 853 663 911 officio
684 853 811 931 episcopi
837 853 1046 930 fungerentur,
1064 850 1155 910 veluti
1178 852 1277 910 ricerii
1299 853 1438 932 episcopi.

387 951 501 1008 Horum
517 951 654 1027 frequens
668 950 779 1008 mentio
793 960 839 1007 est
853 947 932 1026 opud
952 948 1108 1026 scriptores
1122 947 1341 1014 ecclesiasticos,
1356 961 1386 1008 et
1404 949 1437 1006 iu

383 1047 644 1126 subscriptionibus
658 1046 867 1104 Consiliorum.
881 1044 902 1101 J
905 1044 1067 1102 USTELL.
1110 1043 1435 1124 chorepiscoporumssin

384 1143 439 1200 hoc
453 1163 541 1222 opere
556 1143 694 1220 frequens
708 1144 835 1201 occurrit
849 1143 968 1200 mentio.
998 1141 1163 1200 presertim
1178 1142 1209 1199 in
1224 1142 1437 1219 antiquioribus

386 1239 463 1298 bisce
478 1239 628 1308 conciliis;
651 1250 685 1297 ut
699 1249 783 1296 entre
796 1239 917 1296 dubium
939 1241 978 1298 sit
992 1259 1042 1297 eos
1060 1239 1166 1316 passim
1185 1238 1215 1296 iu
1230 1237 1351 1297 ecclesia
1363 1249 1435 1296 tuuc

384 1335 496 1394 dierum
512 1337 687 1395 constitutos
708 1336 816 1394 fuisse:
843 1335 894 1393 sed
916 1335 1106 1393 nihilomiuus
1127 1334 1211 1394 valde
1232 1335 1370 1414 perplexa
1389 1346 1434 1394 est

383 1444 414 1491 et
429 1433 563 1491 intricate
578 1433 614 1490 de
628 1434 664 1491 iis
678 1433 848 1511 disputatio.
890 1433 956 1490 Nos
970 1452 1066 1490 reram
1080 1453 1180 1491 eorum
1195 1434 1434 1491 constitutionem

383 1541 472 1607 etque
486 1531 612 1588 officium
627 1551 664 1589 ex
680 1530 734 1588 hoc
748 1529 870 1607 aliisque
885 1530 1043 1588 canonibus
1057 1529 1162 1588 elicere
1177 1529 1347 1588 moliemur:
1368 1529 1434 1606 qui-

383 1629 437 1686 bus
451 1628 539 1686 etiam
554 1627 694 1686 conficere
707 1647 764 1684 non
780 1628 957 1692 dubitemus,
969 1640 1083 1684 veteres
1092 1625 1322 1704 chorepiscopus,
1333 1637 1433 1683 contre

382 1745 415 1782 uc
439 1723 571 1802 pluribus
594 1725 684 1781 risum
708 1735 761 1789 est,
782 1745 882 1782 revers
903 1726 1053 1802 episcopos
1071 1723 1171 1786 fuisse,
1186 1722 1299 1781 etiamsi
1321 1723 1432 1800 episco-

383 1819 491 1898 palium
512 1821 690 1895 quarundam
713 1822 894 1881 functionem
916 1822 1053 1880 exercitio
1073 1821 1110 1879 iis
1130 1842 1146 1877 a
1167 1820 1326 1878 senonibus
1344 1820 1432 1880 deue-

382 1930 498 1997 gcntur.
551 1919 650 1976 Primo
683 1920 759 1977 enim
789 1919 980 1997 episcopalem
1014 1918 1225 1977 ordinationem
1259 1917 1430 1975 babuerunt.

385 2015 452 2072 Hoc
466 2035 502 2072 ex
518 2015 589 2092 Syn.
603 2016 742 2073 Antioch.
757 2035 867 2072 cunone
882 2037 911 2073 x.
927 2015 1100 2092 colligimus,
1116 2014 1165 2091 qui
1185 2015 1226 2071 sic
1244 2014 1357 2092 incipit,
1372 2017 1432 2073 roris

382 2113 411 2166 ἓν
424 2117 479 2170 ruis
492 2117 586 2181 κόιμαιι
600 2115 640 2168 καί
655 2117 710 2170 τοῖς
728 2117 835 2184 χώραιν,
849 2117 890 2169 καί
908 2116 970 2170 roiu
983 2112 1154 2182 καλουμένους
1172 2115 1394 2182 χονριπισκόπουι,
1408 2115 1433 2167 si

383 2213 425 2265 καί
437 2211 601 2284 χειροθεσίαν
615 2206 666 2266 εἶεν
678 2213 824 2266 ἐπισκόπου
837 2214 983 2284 supposes.
1006 2229 1070 2286 quae
1084 2208 1172 2266 verba
1187 2206 1346 2286 Dionysius
1360 2209 1431 2266 Exi-

382 2326 458 2384 guus
472 2306 513 2364 sic
528 2307 626 2372 vertit,
645 2306 702 2372 Qui
716 2306 745 2364 in
762 2307 831 2364 vicis
846 2316 871 2364 et
892 2306 1114 2384 possessionibus
1128 2303 1323 2382 chorepistupi
1343 2307 1430 2363 nonti-

382 2413 498 2470 nunlnr,
515 2403 642 2483 quesnois
657 2425 758 2464 manns
773 2405 973 2482 impositionem
988 2403 1180 2481 episcoporum
1196 2401 1385 2478 perceperint,
1401 2413 1431 2461 et

381 2501 584 2582 explicationis
597 2502 690 2581 grstia
704 2501 795 2567 addit,
811 2511 837 2560 et
853 2509 882 2558 nt
894 2500 1018 2580 episcopi
1029 2499 1186 2557 consecrati
1196 2507 1273 2556 sunt.
1305 2499 1348 2558 Er
1357 2500 1431 2560 hsuc

380 2620 450 2658 sone
465 2620 560 2658 versrn
577 2619 639 2658 esse
655 2600 774 2658 istorum
791 2600 945 2657 verborum
960 2598 1229 2676 interpretationem
1249 2618 1285 2655 ex
1305 2598 1349 2664 iis,
1365 2619 1431 2675 quse

382 2697 411 2754 in
427 2698 484 2755 isto
498 2717 607 2755 esnone
628 2708 800 2773 sequuntur,
817 2696 910 2774 pelam
930 2708 994 2754 est:
1016 2696 1114 2754 stetim
1135 2695 1212 2752 enim
1235 2706 1352 2753 cautum
1375 2710 1429 2763 est.

381 2791 460 2868 quod
474 2793 585 2851 etiamsi
604 2792 802 2871 chorepiscopi
821 2792 1012 2871 episcopalem
1035 2791 1198 2850 istiusmodi
1217 2791 1429 2852 ordinationem

382 2888 530 2953 haberent,
554 2908 638 2945 suum
659 2902 756 2947 temen
776 2887 894 2946 rnodum
913 2890 995 2956 scire,
1010 2899 1040 2947 et
1058 2888 1194 2947 ccclesias
1212 2889 1266 2947 sibi
1286 2890 1431 2966 subjectas

381 2984 591 3047 administrare,
607 2997 637 3042 et
657 2986 692 3042 iis
709 2986 842 3063 regendis
857 2998 1008 3044 contentos
1025 3007 1087 3045 esse
1105 2985 1221 3053 debent,
1241 2989 1265 3041 α’
1281 2990 1322 3041 καὶ
1342 3010 1429 3059 perpo-

381 3082 471 3137 θεσίον
485 3078 534 3137 κίεν
553 3084 696 3138 ίπισκόπου
717 3086 862 3155 εἰληφότες,
878 3087 951 3154 ἔδοξε
967 3089 999 3152 τῇ
1012 3085 1072 3157 ἁγία
1087 3086 1199 3139 συνόδου
1218 3084 1310 3139 sibime
1324 3088 1357 3140 rrl
1370 3090 1428 3141 iov-

379 3186 430 3235 τῶν
443 3182 533 3252 μέτρα,
548 3182 589 3235 κοί
603 3182 706 3235 διοικεῖν
719 3182 765 3236 τὰς
780 3182 945 3251 ὑποκειμένας
963 3183 1050 3238 αὐτοῖς
1068 3181 1206 3250 ἐκκλησίαι
1223 3185 1265 3236 καί
1281 3187 1313 3249 τῇ
1330 3184 1430 3239 miror

376 3280 509 3352 ἀρκεῖσθαι
524 3280 653 3351 φροντίδι,
670 3282 710 3334 καί
724 3280 868 3350 κηδεμονίᾳ.
912 3279 990 3337 Hinc
1004 3280 1080 3337 enim
1096 3290 1210 3338 constat
1221 3300 1270 3337 eos
1283 3281 1428 3357 subjectus

377 3376 430 3435 sibi
446 3376 580 3435 ecclesias
601 3376 744 3439 habuisse,
761 3387 790 3433 et
805 3376 961 3434 earundem
977 3396 1074 3434 curam
1094 3376 1130 3434 iis
1147 3377 1327 3435 commissam
1346 3398 1426 3448 esse;

374 3492 441 3548 quae
456 3471 572 3548 quidem
588 3473 695 3531 nemini
712 3472 832 3530 attribui
848 3483 980 3551 possunt,
995 3472 1050 3529 nisi
1065 3473 1115 3547 qui
1130 3472 1322 3551 episcopalem
1340 3498 1427 3547 χειρο·

377 3572 467 3625 θεσίαν
481 3570 599 3647 aceepit.
644 3569 710 3627 Hsc
725 3582 822 3628 eutem
838 3569 1037 3648 chorepiscopi
1051 3568 1118 3627 freti
1140 3569 1196 3627 alia
1211 3570 1298 3629 etiam
1313 3583 1427 3632 tentore

377 3668 439 3723 nusi
454 3677 539 3723 sunt:
559 3667 608 3725 sed
624 3669 659 3725 ab
673 3668 728 3724 hoc
737 3687 847 3724 canone
862 3668 1060 3745 prohibentur,
1071 3665 1211 3732 edicente,
1224 3667 1303 3743 quod
1312 3669 1425 3729 etiamsi

377 3776 513 3838 tanquam
530 3764 657 3842 episcopi
672 3765 830 3822 consecrati
846 3764 967 3829 fuerint,
983 3764 1060 3821 intre
1073 3784 1141 3821 suos
1155 3776 1252 3823 temen
1273 3765 1381 3825 limites
1395 3788 1425 3825 se

376 3860 526 3917 continere
540 3859 656 3917 debent.
702 3861 742 3918 Et
757 3862 835 3937 quod
850 3862 887 3919 ad
901 3861 1017 3919 ordines
1036 3862 1072 3919 ab
1087 3861 1123 3919 iis
1138 3863 1329 3921 conferendos
1342 3884 1425 3942 spec-

375 3968 427 4021 tat,
444 3956 585 4034 proximis
601 3956 706 4014 ibidem
724 3959 818 4015 verbis
838 3970 954 4016 cnutum
970 3970 1024 4022 est,
1040 3970 1073 4015 ut
1093 3959 1141 4016 isti
1156 3958 1304 4024 Lectores,
1319 3960 1424 4037 Hypo·

374 4053 520 4115 diaconos.
544 4064 573 4110 et
600 4054 768 4112 Exorcistes
791 4058 979 4121 constituent,
1002 4058 1176 4127 subsortitus*
1197 4058 1425 4128 ἀναγνόαταικοὶ

374 4153 556 4208 ὑποδιακόνους
570 4154 609 4206 καὶ
624 4136 790 4223 inspirares.
835 4153 947 4212 Verum
962 4155 1090 4211 omnium
1110 4153 1291 4221 clericorum,
1309 4174 1341 4212 sc
1356 4175 1423 4233 pro.

375 4260 473 4326 pterea
494 4248 596 4304 horum
612 4248 698 4306 etism
722 4249 934 4309 ordinationem
953 4250 990 4309 ed
1007 4251 1158 4329 episcopos
1177 4249 1254 4306 solos
1276 4251 1422 4328 pertinere

373 4365 410 4403 ex
425 4345 553 4403 secundo
575 4344 733 4425 apostolico
752 4366 862 4404 canone
881 4348 1067 4406 menifestum
1088 4359 1141 4412 est,
1157 4346 1281 4410 dicente,
1298 4348 1420 4420 Πριοβό-
