3242 5150
254 425 301 488 IN
328 422 546 486 CANONES
571 419 816 482 ANCYRAN.
841 419 905 480 ET
934 419 1140 482 NEOCAES.
1174 421 1238 483 215

187 623 262 670 repes
276 600 327 652 ὑπὸ
340 599 396 654 ἑνὸς
410 595 555 652 ἐπισκόπου
568 595 776 667 χιιροτονείσθυ,
792 594 833 646 καὶ
846 594 972 656 διάκονος,
988 595 1029 647 καὶ
1042 596 1066 646 oi
1076 596 1166 648 λοιποὶ
1176 597 1238 662 κλη-

186 697 261 769 ρικοὶ.
306 694 365 752 Sed
380 692 457 750 dicet
472 690 593 748 forsitan
613 709 767 754 nonnemo,
783 687 863 764 quod
882 687 980 765 plures
999 708 1068 746 sane
1087 689 1236 757 dixerunt,

188 811 277 870 penes
301 791 451 867 episcopos
475 807 537 844 esse
561 785 694 843 ordinere
719 787 804 843 etiem
833 785 1015 863 presbyteros
1039 799 1069 845 et
1092 788 1236 858 diaconos,

187 886 265 964 quod
280 885 421 944 tamenin
437 885 494 942 isto
509 883 697 940 Antiocheno
712 901 821 939 cunone
841 882 1054 960 chorepiscopis
1071 884 1178 944 diserte
1192 887 1236 943 in.

187 982 349 1046 terdicitur,
366 993 469 1059 utpote
492 980 541 1037 ubi
566 979 741 1057 precipitur,
757 999 807 1036 eos
824 979 888 1048 μήτε
906 980 1086 1054 πρεσβύτερον
1104 985 1167 1054 μήτε
1181 987 1235 1040 διά.

188 1102 261 1134 κουον
274 1081 431 1150 χειροτονεῖν
444 1082 550 1147 τολμᾷν.
595 1075 700 1132 Foteor
715 1074 859 1150 equidem,
876 1095 934 1133 nou
950 1078 979 1133 in
994 1097 1029 1134 eo
1043 1089 1169 1146 tuntum,
1186 1081 1236 1139 sed

187 1175 262 1233 etin
278 1175 412 1252 praesenti
430 1193 547 1238 esnone,
563 1172 617 1229 hoc
637 1172 672 1227 iis
692 1172 848 1249 prohiberi,
863 1171 978 1231 dicente
997 1174 1108 1242 itidem,
1124 1203 1236 1251 χοριπι-

187 1277 296 1330 σιιύποις
308 1273 343 1342 μὴ
357 1274 450 1342 ἐξεῖναι
463 1271 657 1342 πρεσβυτέρους
672 1270 686 1337 ἦ
701 1271 832 1326 διακόνους
845 1277 1009 1341 χειροτονεῖν.
1055 1271 1121 1332 Hoc
1138 1290 1235 1335 sutem

187 1368 362 1426 sententiam
376 1377 502 1423 nostram
519 1387 576 1423 non
596 1365 682 1423 modo
701 1385 759 1422 non
775 1365 911 1432 destruit,
923 1369 974 1426 sed
988 1383 1018 1426 et
1037 1372 1151 1431 abunde
1165 1395 1235 1432 con·

187 1464 291 1522 firmat.
335 1463 382 1521 Ex
397 1483 432 1521 eo
450 1463 527 1521 enim
550 1463 628 1538 quod
648 1462 862 1540 chorepiscopis
877 1475 992 1523 vetetur
1011 1468 1041 1524 in
1058 1469 1137 1528 hisce
1150 1491 1235 1530 cono·

185 1562 271 1620 nibus
292 1561 473 1640 presbyteros
494 1571 523 1617 et
545 1559 681 1618 diaconos
700 1559 843 1623 ordinere,
864 1559 957 1636 palum
978 1565 1166 1640 consequitur
1187 1588 1237 1624 eos

185 1661 240 1718 hoc
262 1659 372 1724 secisse,
388 1657 434 1715 vel
456 1657 557 1716 saltem
580 1668 724 1724 tentasse;
746 1654 825 1731 quod
840 1655 959 1731 quidem
980 1679 1128 1736 nunquam
1150 1663 1235 1722 fecis·

186 1767 260 1822 sent,
276 1756 330 1812 nisi
346 1756 401 1832 ipsi
416 1755 511 1832 reipsa
525 1754 652 1832 episcopi
667 1754 799 1809 fuissent.
834 1753 876 1810 Et
891 1764 1030 1831 preterea
1041 1757 1128 1815 etism
1139 1760 1237 1818 obser·

187 1865 282 1920 vetur,
296 1852 373 1929 quod
394 1852 429 1910 iis
449 1852 633 1929 presbyteros
647 1863 677 1910 et
697 1850 834 1910 diaconos
853 1870 911 1907 oon
928 1851 1062 1912 ordinere
1076 1875 1136 1914 non
1154 1858 1235 1916 abso·

187 1951 249 2009 lute
264 1950 448 2014 decernitur;
470 1947 519 2006 sed
542 1967 578 2006 ne
600 1946 673 2005 illud
689 1947 797 2004 facient
817 1947 880 2004 siue
901 1951 1089 2026 permissione
1108 1955 1236 2034 episcopi

187 2047 322 2114 civitatis,
338 2046 384 2104 cui
400 2046 527 2123 ipsorum
544 2045 623 2120 regio
638 2045 746 2108 subest,
763 2046 825 2116 δι’χο
839 2050 887 2100 τοῦ
900 2052 927 2102 ἐν
941 2053 973 2116 τῇ
985 2052 1061 2104 πόλει
1080 2053 1235 2117 ἐπισκόπου.

187 2155 220 2203 ut
235 2143 366 2220 loquitur
379 2162 470 2200 csnon
487 2142 698 2205 Antiochorum
715 2141 759 2199 vel
776 2154 809 2200 ut
824 2163 959 2218 presens,
974 2150 1113 2217 χωριστοῦ
1129 2151 1234 2224 ἐπιτρο-

187 2246 264 2312 πῆυοι
288 2244 340 2296 ὑπὸ
364 2245 410 2296 τοῦ
434 2243 577 2296 ἐπισκόπου
600 2242 664 2311 μετὰ
688 2243 853 2313 γρομμιίτον.
897 2239 1008 2298 Verum
1036 2243 1183 2303 enimvero
1211 2249 1235 2305 si

186 2335 385 2413 chorepiscopi
414 2334 573 2412 presbyteri
601 2346 725 2400 tontum,
750 2357 807 2393 non
834 2337 920 2394 etiem
949 2338 1076 2417 episcopi
1099 2341 1234 2409 fuissent,

186 2433 369 2511 presbyteros
383 2441 434 2488 sut
449 2431 584 2491 diaconos
602 2432 735 2491 ordinere
750 2453 807 2491 non
832 2444 975 2511 poterent,
990 2436 1102 2495 etiamsi
1123 2439 1159 2496 ab
1173 2441 1234 2518 epi-

186 2550 274 2609 scopo
302 2530 404 2605 quovis
432 2527 476 2587 vel
505 2530 640 2587 omnibus
665 2531 893 2608 permitteretur.
946 2531 1082 2610 Namque
1107 2537 1234 2616 episcopi

188 2626 346 2703 permissio,
361 2626 423 2683 sine
438 2628 653 2685 consecratione
664 2626 830 2705 episcopali,
842 2628 1024 2705 presbyteros
1038 2640 1089 2688 sut
1100 2632 1236 2692 diaconos

185 2722 337 2782 ordinandi
361 2732 532 2800 potestatem
554 2722 622 2781 dere
637 2723 748 2798 nequit.
792 2722 903 2780 Adhoc
923 2724 1060 2803 Synodus
1081 2728 1235 2789 Neocaess-

185 2820 289 2879 riensis
310 2820 414 2877 statuit
434 2818 550 2895 quidem
571 2818 917 2877 canonex111.Vicsnos
938 2822 1121 2898 presbyteros
1138 2826 1235 2899 ἐπιχο-

185 2921 257 2993 ρίους
270 2917 464 2990 πρεσβυτέρους
477 2916 506 2972 in
526 2916 604 2974 urbis
619 2916 764 2974 dominico
783 2917 888 2974 offerre
907 2936 964 2974 nou
984 2918 1099 2986 debere,
1114 2921 1138 2978 si
1155 2924 1235 2981 urbis

185 3016 339 3095 episcopus
354 3024 405 3071 sut
422 3014 571 3091 presbyter
586 3031 711 3090 praesens
732 3014 787 3069 sit:
811 3012 863 3069 sed
883 3013 1015 3090 proximo
1037 3036 1147 3076 esnone
1167 3022 1235 3078 sub-

183 3112 290 3189 jungit,
315 3109 535 3186 chorepiscopos
553 3119 586 3165 ut
613 3113 834 3183 ουλλειποοργούι
853 3109 958 3168 offerre
977 3112 1142 3183 honoratos,
1161 3122 1187 3173 ot
1207 3122 1236 3175 δὲ

185 3210 380 3283 χυρεπίσκοποι
393 3210 446 3263 εἶσὶ
460 3210 507 3276 μὲν
521 3206 652 3264 citrinos
667 3216 718 3263 τῶν
732 3209 918 3277 ἑβδομήκοντα,
933 3209 967 3267 ὣς
986 3212 1015 3265 δὲ
1034 3216 1236 3289 συλλειτουργοὶ

185 3308 227 3362 tut
241 3306 288 3374 τὴν
302 3305 419 3372 σπουδὴν
433 3305 478 3373 τὴν
492 3305 529 3359 eir
539 3306 600 3361 τοὺς
609 3307 728 3375 πτωχοὺς
738 3306 925 3378 προσφέρουσι
938 3309 1084 3376 τιμώμενοι.
1115 3310 1173 3369 Ubi
1184 3314 1236 3371 ob.

184 3420 282 3459 serves
296 3399 399 3477 primo,
415 3400 492 3456 hunc
507 3419 644 3457 canonem
664 3420 750 3458 sensu
765 3400 866 3458 saltem
886 3421 950 3459 cum
971 3404 1145 3476 precedenti
1166 3428 1235 3466 con.

181 3496 364 3576 jungendum
376 3516 455 3564 esse;
480 3507 513 3553 ut
528 3516 563 3553 err
580 3496 722 3573 particule
735 3500 763 3553 δι’
778 3508 901 3562 constet.
920 3501 962 3569 (ct
977 3500 1093 3575 quidem
1105 3504 1235 3566 Josnnes

187 3592 401 3658 Antiochenus,
415 3591 539 3651 Alexius
553 3592 718 3659 Aristenus,
735 3604 764 3651 et
781 3594 939 3670 Dionysius
950 3595 1085 3672 Exiguus
1098 3599 1151 3658 hos
1161 3601 1236 3662 duos

186 3710 311 3747 canones
340 3690 368 3745 in
397 3709 487 3747 unum
517 3691 707 3763 contrahunt)
734 3710 798 3766 quoe
823 3691 911 3748 etism
936 3691 1073 3768 indigitat
1096 3716 1234 3756 canonem

186 3786 266 3843 hunc
277 3804 344 3843 xlv.
360 3806 422 3844 esse
431 3785 631 3863 exceptionem
647 3786 790 3862 qnondam
806 3807 823 3843 u
837 3787 1032 3863 precedenti:
1053 3810 1086 3848 ac
1101 3793 1234 3869 proinde,

186 3894 221 3940 ut
239 3882 278 3940 ibi
299 3883 412 3939 vicenos
427 3883 610 3959 presbyteros
627 3882 683 3937 isto
702 3901 769 3939 casu
784 3882 888 3940 offerre
903 3884 1081 3958 prohibetur,
1095 3888 1137 3945 sic
1151 3890 1235 3947 chor-

185 3978 328 4056 episcopis
343 3978 372 4036 id
388 3978 577 4055 indulgetur,·
601 3988 704 4055 utpote
719 3979 767 4055 qui
785 3979 860 4037 inter
874 3982 1027 4053 ἐπιχωρίους
1040 3987 1235 4057 πρισβιπὲρους

185 4094 244 4133 που
267 4064 436 4133 recensendi
452 4086 530 4141 suut,
551 4074 675 4149 ideoque
696 4095 749 4133 uec
777 4076 855 4134 inter
879 4077 1071 4155 presbyteros.
1115 4080 1234 4139 Dicitur

184 4182 282 4229 autem
313 4171 417 4229 ibidem
446 4172 666 4249 chorepiscopos
687 4170 803 4247 quidem
826 4172 862 4229 sd
878 4182 980 4250 typum
995 4190 1043 4247 70.
1059 4178 1234 4234 constitutos

183 4286 257 4334 esse,
274 4266 324 4325 sed
340 4278 436 4325 temen
449 4272 679 4341 ουλλειποοργούς,
701 4268 845 4347 episcopis
866 4270 1001 4328 nimirum
1021 4273 1234 4331 comministros

182 4382 256 4421 esse.
308 4363 357 4421 Sic
382 4365 469 4421 etism
494 4363 523 4421 in
551 4364 621 4442 Syn.
638 4364 776 4429 Antioch.
802 4386 864 4422 con.
880 4366 906 4422 8.
932 4385 1119 4442 quoscunque
1147 4386 1232 4424 esno-
