3242 5150
296 427 374 520 ιΝ
399 426 432 489 e.
455 395 604 490 reem
629 426 778 490 ALEx.
804 427 1123 492 FRAGMENTA.
1205 427 1248 492 65

191 597 260 674 veti,
285 595 487 661 firmantibus
511 597 611 682 ipsam
634 598 762 662 Zonera
784 605 818 661 et
841 597 1031 662 Balaamone
1052 596 1085 660 in
1108 599 1247 664 θοάοίίῖο.

193 699 248 763 Ad
271 698 331 762 hon
346 700 502 779 ἀμφότερα
523 698 678 783 prendite
700 701 872 780 ἀμφότερον
886 697 963 762 mihi
984 699 1105 763 dabunt
1118 711 1248 784 ηναίιιοτ

187 822 224 864 ια
240 800 348 865 iisdem
369 799 455 864 οοόό.
472 807 505 865 et
529 800 743 864 Onialininnae.
789 800 972 886 Utramque
991 800 1245 868 emendationem

190 923 276 966 nune
290 901 382 966 video
397 902 524 966 tirrnare
539 901 717 979 Pedalium,
733 901 766 964 in
781 924 845 986 quo
860 910 969 967 tamen
982 902 1136 968 leetionee
1147 903 1243 969 variae

187 1005 349 1085 γινομένης
362 1011 395 1068 et
411 1003 575 1071 έπιτάσειυς
592 1026 650 1088 pro
666 1004 850 1071 ἐπιστάσεως
864 1004 1050 1068 afferuntur.
1097 1005 1244 1070 Commu-

189 1105 308 1170 nientio
323 1127 472 1170 noneeeea
486 1127 555 1169 esee
571 1106 704 1182 videtur,
721 1112 757 1170 ut
772 1107 836 1169 dno
851 1113 996 1170 extrema
1013 1107 1243 1182 devitamntnr,

188 1207 355 1272 temeritas
369 1229 407 1272 ae
423 1207 588 1272 timiditas.

234 1311 272 1372 P.
282 1329 336 1394 37.
351 1310 371 1372 i.
384 1331 416 1390 4.
436 1314 489 1388 τῆς
502 1311 641 1374 ἐντεῦθεν
655 1309 846 1396 ἀναλύσεως]
863 1311 1006 1374 Zonaras
1021 1317 1055 1374 et
1072 1310 1243 1375 Baleamon

188 1411 338 1476 videntur
351 1411 435 1475 hune
449 1411 551 1475 locum
568 1433 734 1496 perperam
749 1412 964 1497 interpretari,
981 1419 1015 1476 et
1029 1413 1084 1490 τὴν
1102 1413 1243 1477 ἐντεῦθεν

188 1513 338 1578 ἀνάλυσιν
356 1513 397 1577 de
421 1523 524 1578 morte
545 1513 697 1598 arripere.
722 1513 900 1577 Hannnm.
946 1513 980 1577 Si
1001 1517 1053 1591 τῆς
1070 1514 1244 1580 ἀναλύσεως

188 1615 487 1700 interpretationem
507 1615 666 1701 improbet
689 1614 889 1692 Hmniuinue,
907 1615 976 1699 ejue
993 1635 1134 1678 eenaurae
1155 1615 1241 1680 haud

188 1717 426 1782 assentiendum
440 1723 529 1801 puto.
574 1716 635 1780 Ait
650 1717 813 1787 Zonaraa;
837 1715 941 1797 Ἀρκεῖ
958 1719 1017 1798 γὸρ
1036 1716 1133 1783 αὐτοῖς
1147 1718 1166 1796 ἡ
1182 1743 1241 1781 κοι-

188 1820 290 1892 νωνία,
305 1818 399 1900 ἤγουν
420 1819 455 1883 τὸ
476 1825 689 1900 ουγκοινωνεῖυ
709 1818 893 1884 αὐτοῖςτοὺς
913 1818 1043 1896 πιστοὺς,
1058 1818 1124 1898 ἤτοι
1138 1821 1242 1883 συνεό-

185 1918 340 2004 χεσθααῆ
359 1922 408 1986 καὶ
426 1927 486 1984 τῶν
506 1922 595 1985 θείων
614 1919 783 2000 μυστηρίων
797 1919 977 2001 μετάληψις·
1001 1920 1050 1984 καὶ
1068 1923 1160 1984 ταιῖτα
1177 1919 1242 2000 μετ’

188 2023 375 2096 ἐπιστασίας,
393 2022 441 2086 καὶ
455 2020 609 2104 ἀκριβείας
620 2023 778 2104 γενόμενα,
791 2023 841 2086 καὶ
849 2024 899 2086 ἵνα
906 2021 948 2102 μὴ
960 2024 1069 2101 δόξωσι
1079 2028 1241 2087 λυπεῖσθαι

186 2126 263 2203 μετὸ
275 2124 346 2203 βίας
360 2127 628 2205 περιδροσσόμενοι
643 2127 693 2202 τῆς
715 2126 854 2188 ἐντεῦθεν
876 2123 1060 2197 ἀναλύσεως,
1076 2125 1124 2188 καί
1139 2127 1189 2188 ίνα
1201 2124 1243 2203 μὴ

186 2229 379 2306 λυπούμενοι,
404 2228 508 2308 φησὶν,
531 2224 707 2291 ἀπέλθωσιν
730 2229 869 2292 ἐντεῦθεν
890 2224 1082 2294 ἀναλύοντες·
1106 2226 1241 2290 ἀπὸτοῦ

189 2330 327 2408 στόματος
341 2331 481 2408 δηλονότι
495 2327 686 2412 ἐξερχόμενοι
702 2331 777 2408 μετὰ
796 2331 868 2408 βίας
888 2333 939 2407 τῆς
962 2332 994 2393 έκ
1008 2334 1068 2392 τῶν
1085 2328 1241 2394 κολόσεων

188 2428 237 2492 καί
263 2431 316 2507 τῆς
342 2430 376 2492 έν
404 2433 469 2495 ταῖς
497 2431 625 2511 είρκταῖς
653 2431 861 2496 κακοπαθείας·
909 2429 1046 2510 (Contra
1073 2429 1126 2494 hio
1153 2432 1239 2514 apud

190 2529 223 2594 S.
235 2531 368 2595 Petrum
383 2529 471 2595 istud
484 2533 560 2610 μετὰ
573 2531 643 2610 βίος
661 2551 720 2615 pro
739 2533 846 2610 βιαίως
861 2531 998 2618 positum
1014 2531 1166 2617 putarim,
1179 2531 1240 2597 hoe

188 2653 295 2710 aenan,
315 2654 355 2697 ne
377 2632 544 2697 videantur
565 2654 606 2697 ex
627 2633 735 2697 dolore
762 2642 893 2718 propter
914 2634 1052 2721 rigorem
1075 2635 1236 2700 eneleaiae·

192 2734 292 2799 tienm
316 2742 481 2820 eoneeptn,
508 2757 571 2819 quo
594 2735 733 2822 pertinet
755 2734 833 2799 iliud
855 2736 888 2801 S.
901 2735 993 2801 Pauli
1014 2736 1048 2801 in
1068 2737 1129 2822 Ep.
1148 2756 1176 2802 2.
1195 2738 1242 2803 αό

190 2836 258 2901 θον.
277 2837 388 2922 capii.
404 2838 478 2903 vitae
494 2837 614 2903 exitum
630 2836 659 2901 vi
676 2838 860 2923 arripuisse)
878 2839 927 2903 καί
947 2841 998 2902 ivn
1016 2837 1057 2919 μή
1076 2865 1155 2907 τινες
1168 2844 1240 2921 πρό-

189 2948 287 3021 φασιν
305 2945 404 3022 σχῶσι
426 2945 479 3004 τοῦ
501 2943 669 3018 ἐκλυθῆναι,
692 2942 741 3005 καὶ
759 2945 950 3025 χοννωθῆναι
967 2942 1042 3022 πρὸς
1060 2942 1114 3007 τὸν
1136 2944 1239 3024 ἀγῶνα

187 3044 239 3119 τῆς
260 3043 433 3123 ὁμολογίας,
450 3045 499 3107 καὶ
521 3045 569 3106 ὁιά
591 3046 677 3106 τοῦτο
701 3046 851 3118 έκπεσεῖν,
871 3046 926 3123 τὴν
946 3046 1123 3125 ἐπιτίμησιν.
1161 3045 1237 3110 Bel·

187 3164 348 3207 samonem
364 3144 438 3207 audi
453 3144 604 3220 vicissim
628 3143 732 3225 Ἀρκεῖ
744 3146 843 3213 αὐτοῖς
855 3148 874 3225 ἡ
888 3150 963 3225 μετὰ
979 3153 1036 3211 τῶν
1049 3154 1165 3211 πιστῶν
1179 3175 1239 3213 κοι·

188 3246 280 3308 νωνία
295 3248 342 3309 ὁιὸ
357 3248 409 3310 δύο
424 3246 565 3329 γινομένη
578 3249 653 3319 τινὰ,
666 3251 741 3326 μετά
757 3250 933 3316 ἐπιπνοίας
944 3250 1084 3329 ἀκριβοῦς
1099 3251 1148 3314 καὶ
1162 3253 1239 3313 οἰκο-

187 3348 300 3425 νομίας.
326 3349 352 3411 εί
366 3350 424 3429 γὸρ
439 3349 568 3428 είπιόμεν
581 3347 622 3427 μὴ
637 3348 720 3430 ἔχειν
735 3348 839 3415 αὐτοὺς
859 3352 1055 3426 κοινωνικοὺς,
1069 3353 1190 3418 τούτους
1203 3377 1238 3415 τε

186 3446 372 3526 λυπήσομεν,
404 3448 443 3516 ὣς
468 3450 705 3529 ἀποφαινόμενοι
729 3453 804 3529 μετὰ
833 3451 913 3527 βίας,
948 3450 1042 3532 ἤγουν
1072 3449 1238 3531 ἐπιτετιμη-

185 3548 304 3626 μένονς,
321 3550 460 3614 έντεῦθεν
482 3552 633 3614 ἀναλῦσαι
655 3550 768 3625 αὐτοὺς,
790 3551 886 3633 ἤγουν
904 3554 1078 3627 ἀποθανεῖν,
1100 3555 1239 3620 καὶτοὺς

186 3648 299 3717 ἀλλους
313 3652 347 3713 ὁὶ
362 3652 544 3719 ἐκπεσόντας
558 3654 630 3719 ἴσος
645 3652 693 3717 καὶ
713 3658 919 3733 βουλομένους
937 3654 1128 3737 ὑποστρέψαι
1147 3658 1189 3722 είς
1203 3656 1237 3719 τὸ

186 3751 311 3833 ἀγαθὸν,
329 3749 546 3829 ἐκλελυμένους
559 3753 634 3835 πρὸς
646 3760 733 3818 τοῦτο
748 3756 797 3819 καί
812 3756 933 3833 ἀμελεῖς
951 3755 1127 3836 ποιήσομεν,
1144 3782 1237 3839 προσ-

186 3853 403 3933 φασιζομένονς
430 3854 465 3918 τὸ
494 3855 534 3934 μὴ
561 3857 689 3935 μέλλειν
719 3857 824 3923 αὐτοὺς
853 3857 931 3922 εἶναι
961 3859 1149 3926 κοινωνικοὸς
1176 3864 1238 3927 τοῖς

185 3960 312 4029 πιστοῖς,
329 3952 386 4039 κάν
401 3956 612 4037 ὁμολογήσωσι
633 3957 688 4035 τὴν
709 3960 811 4023 πίστιν
832 3960 908 4038 μετά
929 3958 983 4039 τὴν
1002 3959 1236 4023 ἔκπτωσιν--

186 4057 352 4134 σημείωσαι
366 4058 419 4121 οὖν
433 4059 480 4121 ὁτι
494 4059 562 4122 οὐδὲ
579 4059 597 4137 ἡ
613 4062 661 4123 ὁιὸ
676 4058 807 4139 Χριστὸν
822 4061 970 4141 ὁμολογία
983 4061 1170 4143 ἀποκαθιστᾷ
1184 4062 1237 4126 τὸν

185 4156 264 4236 ἀπαξ
279 4154 313 4221 ε’κ
327 4164 379 4223 τοῦ
394 4160 504 4240 κλήρου
519 4158 747 4239 ἀποξενωθέντα
761 4164 809 4226 διὰ
820 4161 874 4240 τήν
886 4163 1042 4226 ἔκπτωσιν.
1072 4162 1125 4227 Sin
1139 4163 1237 4227 inter·

186 4266 294 4344 protes
311 4260 427 4325 Grteei.
472 4262 567 4327 Certe
587 4262 673 4327 haud
693 4261 788 4327 aliter
806 4264 1028 4347 exponendum
1047 4269 1108 4341 eet,
1122 4262 1174 4342 τῆς
1188 4262 1236 4328 έν-

226 4381 352 4424 vonrv.
698 4388 719 4427 ιε
