<?xml version="1.0" encoding="UTF-8"?>
<!DOCTYPE html PUBLIC "-//W3C//DTD XHTML 1.0 Transitional//EN"
    "http://www.w3.org/TR/xhtml1/DTD/xhtml1-transitional.dtd">
<html xmlns="http://www.w3.org/1999/xhtml" xml:lang="en" lang="en">
 <head>
  <title>
</title>
<meta http-equiv="Content-Type" content="text/html;charset=utf-8" />
  <meta name='ocr-system' content='tesseract 3.04.00' />
  <meta name='ocr-capabilities' content='ocr_page ocr_carea ocr_par ocr_line ocrx_word'/>
</head>
<body>
  <div class='ocr_page' id='page_1' title='image "./reliquiaesacrae12routgoog_0340.png"; bbox 0 0 3242 5150; ppageno 0'>
   <div class='ocr_carea' id='block_1_1' title="bbox 370 369 1234 438">
    <p class='ocr_par' dir='ltr' id='par_1_1' title="bbox 370 369 1234 438">
     <span class='ocr_line' id='line_1_1' title="bbox 370 369 1234 438; baseline -0.007 0"><span class='ocrx_word' id='word_1_1' title='bbox 370 375 436 438; x_wconf 77' lang='lat'><strong>880</strong></span> <span class='ocrx_word' id='word_1_2' title='bbox 558 372 717 435; x_wconf 86' lang='lat' dir='ltr'>GESTA</span> <span class='ocrx_word' id='word_1_3' title='bbox 741 371 875 435; x_wconf 81' lang='lat' dir='ltr'>APUD</span> <span class='ocrx_word' id='word_1_4' title='bbox 898 369 1234 434; x_wconf 87' lang='lat' dir='ltr'><strong>ZENOPHILUM.</strong></span> 
     </span>
    </p>
   </div>
   <div class='ocr_carea' id='block_1_2' title="bbox 371 537 1426 2376">
    <p class='ocr_par' dir='ltr' id='par_1_2' title="bbox 371 537 1426 2376">
     <span class='ocr_line' id='line_1_2' title="bbox 372 537 1425 611; baseline -0.01 0"><span class='ocrx_word' id='word_1_5' title='bbox 372 542 524 611; x_wconf 82' lang='lat' dir='ltr'><strong>Traditor</strong></span> <span class='ocrx_word' id='word_1_6' title='bbox 543 541 614 605; x_wconf 80' lang='lat' dir='ltr'><strong>init.</strong></span> <span class='ocrx_word' id='word_1_7' title='bbox 659 539 877 604; x_wconf 87' lang='lat' dir='ltr'><strong>Nundinarius</strong></span> <span class='ocrx_word' id='word_1_8' title='bbox 898 539 1050 604; x_wconf 87' lang='lat' dir='ltr'><strong>diaeonus</strong></span> <span class='ocrx_word' id='word_1_9' title='bbox 1071 538 1172 603; x_wconf 81' lang='lat' dir='ltr'><strong>dixit:</strong></span> <span class='ocrx_word' id='word_1_10' title='bbox 1195 537 1266 602; x_wconf 90' lang='lat' dir='ltr'><strong>Vos</strong></span> <span class='ocrx_word' id='word_1_11' title='bbox 1285 537 1425 602; x_wconf 76' lang='lat' dir='ltr'><strong>seniores</strong></span> 
     </span>
     <span class='ocr_line' id='line_1_3' title="bbox 373 645 1425 726; baseline -0.008 -10"><span class='ocrx_word' id='word_1_12' title='bbox 373 651 580 716; x_wconf 88' lang='lat' dir='ltr'><strong>olamabatis:</strong></span> <span class='ocrx_word' id='word_1_13' title='bbox 612 648 740 713; x_wconf 88' lang='lat' dir='ltr'><strong>Exaudi</strong></span> <span class='ocrx_word' id='word_1_14' title='bbox 765 649 866 726; x_wconf 88' lang='lat' dir='ltr'><strong>Deus,</strong></span> <span class='ocrx_word' id='word_1_15' title='bbox 893 649 992 713; x_wconf 84' lang='lat' dir='ltr'><strong>oivem</strong></span> <span class='ocrx_word' id='word_1_16' title='bbox 1018 656 1162 712; x_wconf 83' lang='lat' dir='ltr'><strong>nostmm</strong></span> <span class='ocrx_word' id='word_1_17' title='bbox 1190 646 1343 722; x_wconf 87' lang='lat' dir='ltr'><strong>volumus,</strong></span> <span class='ocrx_word' id='word_1_18' title='bbox 1372 645 1425 709; x_wconf 92' lang='lat' dir='ltr'><strong>ille</strong></span> 
     </span>
     <span class='ocr_line' id='line_1_4' title="bbox 371 755 1422 842; baseline -0.008 -17"><span class='ocrx_word' id='word_1_19' title='bbox 371 760 512 825; x_wconf 75' lang='lat' dir='ltr'>traditor</span> <span class='ocrx_word' id='word_1_20' title='bbox 538 765 598 824; x_wconf 89' lang='lat' dir='ltr'><strong>est.</strong></span> <span class='ocrx_word' id='word_1_21' title='bbox 642 757 839 842; x_wconf 89' lang='lat' dir='ltr'><strong>Zenophilus</strong></span> <span class='ocrx_word' id='word_1_22' title='bbox 864 759 901 824; x_wconf 97' lang='lat' dir='ltr'><strong>V.</strong></span> <span class='ocrx_word' id='word_1_23' title='bbox 913 757 951 823; x_wconf 85' lang='grc' dir='ltr'><strong>Ο.</strong></span> <span class='ocrx_word' id='word_1_24' title='bbox 976 757 1150 822; x_wconf 85' lang='lat' dir='ltr'><strong>eonsularis</strong></span> <span class='ocrx_word' id='word_1_25' title='bbox 1174 755 1296 821; x_wconf 75' lang='lat' dir='ltr'>Victori</span> <span class='ocrx_word' id='word_1_26' title='bbox 1320 755 1422 819; x_wconf 90' lang='lat' dir='ltr'><strong>dixit:</strong></span> 
     </span>
     <span class='ocr_line' id='line_1_5' title="bbox 374 867 1425 954; baseline -0.006 -20"><span class='ocrx_word' id='word_1_27' title='bbox 374 870 531 934; x_wconf 72' lang='lat' dir='ltr'><strong>Clamanti</strong></span> <span class='ocrx_word' id='word_1_28' title='bbox 545 891 622 954; x_wconf 82' lang='lat' dir='ltr'><strong>ergo</strong></span> <span class='ocrx_word' id='word_1_29' title='bbox 637 890 710 932; x_wconf 91' lang='lat' dir='ltr'><strong>eum</strong></span> <span class='ocrx_word' id='word_1_30' title='bbox 724 869 842 954; x_wconf 93' lang='lat' dir='ltr'><strong>populo</strong></span> <span class='ocrx_word' id='word_1_31' title='bbox 857 868 942 952; x_wconf 91' lang='lat' dir='ltr'><strong>quod</strong></span> <span class='ocrx_word' id='word_1_32' title='bbox 960 869 1099 934; x_wconf 88' lang='lat' dir='ltr'><strong>traditor</strong></span> <span class='ocrx_word' id='word_1_33' title='bbox 1117 874 1202 932; x_wconf 87' lang='lat' dir='ltr'><strong>esset</strong></span> <span class='ocrx_word' id='word_1_34' title='bbox 1218 867 1374 942; x_wconf 88' lang='lat' dir='ltr'><strong>Silvanus,</strong></span> <span class='ocrx_word' id='word_1_35' title='bbox 1390 872 1425 928; x_wconf 91' lang='lat' dir='ltr'><strong>et</strong></span> 
     </span>
     <span class='ocr_line' id='line_1_6' title="bbox 374 976 1425 1064; baseline -0.004 -21"><span class='ocrx_word' id='word_1_36' title='bbox 374 1001 438 1043; x_wconf 91' lang='lat' dir='ltr'><strong>non</strong></span> <span class='ocrx_word' id='word_1_37' title='bbox 453 979 584 1046; x_wconf 75' lang='lat' dir='ltr'>deberet</span> <span class='ocrx_word' id='word_1_38' title='bbox 605 979 673 1044; x_wconf 85' lang='lat' dir='ltr'><strong>fieri</strong></span> <span class='ocrx_word' id='word_1_39' title='bbox 693 979 879 1064; x_wconf 80' lang='lat' dir='ltr'><strong>episeopust</strong></span> <span class='ocrx_word' id='word_1_40' title='bbox 903 978 1015 1043; x_wconf 80' lang='lat' dir='ltr'><strong>Victor</strong></span> <span class='ocrx_word' id='word_1_41' title='bbox 1032 976 1131 1042; x_wconf 81' lang='lat' dir='ltr'><strong>dixit:</strong></span> <span class='ocrx_word' id='word_1_42' title='bbox 1156 976 1297 1042; x_wconf 79' lang='lat' dir='ltr'><strong>Olamavi</strong></span> <span class='ocrx_word' id='word_1_43' title='bbox 1317 981 1351 1040; x_wconf 92' lang='lat' dir='ltr'><strong>et</strong></span> <span class='ocrx_word' id='word_1_44' title='bbox 1365 996 1425 1060; x_wconf 81' lang='lat' dir='ltr'><strong>ego</strong></span> 
     </span>
     <span class='ocr_line' id='line_1_7' title="bbox 375 1086 1425 1173; baseline -0.005 -21"><span class='ocrx_word' id='word_1_45' title='bbox 375 1095 409 1152; x_wconf 88' lang='lat' dir='ltr'><strong>et</strong></span> <span class='ocrx_word' id='word_1_46' title='bbox 424 1088 578 1173; x_wconf 74' lang='lat' dir='ltr'><strong>populus:</strong></span> <span class='ocrx_word' id='word_1_47' title='bbox 599 1110 658 1153; x_wconf 91' lang='lat' dir='ltr'><strong>nos</strong></span> <span class='ocrx_word' id='word_1_48' title='bbox 677 1089 762 1152; x_wconf 91' lang='lat' dir='ltr'><strong>enim</strong></span> <span class='ocrx_word' id='word_1_49' title='bbox 782 1088 880 1152; x_wconf 88' lang='lat' dir='ltr'><strong>eivem</strong></span> <span class='ocrx_word' id='word_1_50' title='bbox 900 1094 1045 1151; x_wconf 89' lang='lat' dir='ltr'><strong>nostrum</strong></span> <span class='ocrx_word' id='word_1_51' title='bbox 1060 1087 1246 1171; x_wconf 78' lang='lat' dir='ltr'><strong>petebamus</strong></span> <span class='ocrx_word' id='word_1_52' title='bbox 1266 1086 1425 1172; x_wconf 82' lang='lat' dir='ltr'><strong>integrum</strong></span> 
     </span>
     <span class='ocr_line' id='line_1_8' title="bbox 373 1196 1424 1283; baseline 0 -23"><span class='ocrx_word' id='word_1_53' title='bbox 373 1196 485 1262; x_wconf 80' lang='lat' dir='ltr'><strong>virum</strong></span> <span class='ocrx_word' id='word_1_54' title='bbox 514 1198 709 1283; x_wconf 86' lang='lat' dir='ltr'><strong>Zenophilus</strong></span> <span class='ocrx_word' id='word_1_55' title='bbox 724 1200 762 1262; x_wconf 92' lang='lat' dir='ltr'><strong>V.</strong></span> <span class='ocrx_word' id='word_1_56' title='bbox 773 1197 808 1262; x_wconf 83' lang='lat'><strong>0.</strong></span> <span class='ocrx_word' id='word_1_57' title='bbox 826 1197 1000 1262; x_wconf 78' lang='lat' dir='ltr'><strong>consularis</strong></span> <span class='ocrx_word' id='word_1_58' title='bbox 1014 1197 1115 1261; x_wconf 91' lang='lat' dir='ltr'><strong>dixit:</strong></span> <span class='ocrx_word' id='word_1_59' title='bbox 1139 1197 1211 1278; x_wconf 75' lang='lat' dir='ltr'><strong>Qua</strong></span> <span class='ocrx_word' id='word_1_60' title='bbox 1221 1218 1318 1260; x_wconf 86' lang='lat' dir='ltr'><strong>eausa</strong></span> <span class='ocrx_word' id='word_1_61' title='bbox 1332 1203 1424 1281; x_wconf 85' lang='lat' dir='ltr'><strong>puta·</strong></span> 
     </span>
     <span class='ocr_line' id='line_1_9' title="bbox 373 1307 1424 1392; baseline -0.005 -19"><span class='ocrx_word' id='word_1_62' title='bbox 373 1308 460 1373; x_wconf 85' lang='lat' dir='ltr'><strong>batis</strong></span> <span class='ocrx_word' id='word_1_63' title='bbox 472 1330 544 1373; x_wconf 91' lang='lat' dir='ltr'><strong>eum</strong></span> <span class='ocrx_word' id='word_1_64' title='bbox 559 1331 624 1373; x_wconf 88' lang='lat' dir='ltr'><strong>nou</strong></span> <span class='ocrx_word' id='word_1_65' title='bbox 638 1309 772 1373; x_wconf 75' lang='lat' dir='ltr'><strong>mereris</strong></span> <span class='ocrx_word' id='word_1_66' title='bbox 796 1308 906 1372; x_wconf 83' lang='lat' dir='ltr'><strong>Viator</strong></span> <span class='ocrx_word' id='word_1_67' title='bbox 920 1307 1019 1372; x_wconf 80' lang='lat' dir='ltr'><strong>dixit:</strong></span> <span class='ocrx_word' id='word_1_68' title='bbox 1046 1309 1213 1392; x_wconf 85' lang='lat' dir='ltr'><strong>integrum</strong></span> <span class='ocrx_word' id='word_1_69' title='bbox 1227 1307 1424 1391; x_wconf 76' lang='lat' dir='ltr'><strong>petebamus,</strong></span> 
     </span>
     <span class='ocr_line' id='line_1_10' title="bbox 374 1415 1425 1501; baseline -0.004 -20"><span class='ocrx_word' id='word_1_70' title='bbox 374 1426 409 1481; x_wconf 93' lang='lat' dir='ltr'><strong>et</strong></span> <span class='ocrx_word' id='word_1_71' title='bbox 429 1418 529 1484; x_wconf 86' lang='lat' dir='ltr'><strong>eivem</strong></span> <span class='ocrx_word' id='word_1_72' title='bbox 550 1425 714 1482; x_wconf 88' lang='lat' dir='ltr'><strong>nostrum:</strong></span> <span class='ocrx_word' id='word_1_73' title='bbox 736 1415 910 1480; x_wconf 83' lang='lat' dir='ltr'><strong>dSoiebam</strong></span> <span class='ocrx_word' id='word_1_74' title='bbox 933 1415 1017 1480; x_wconf 90' lang='lat' dir='ltr'><strong>enim</strong></span> <span class='ocrx_word' id='word_1_75' title='bbox 1040 1437 1167 1481; x_wconf 85' lang='lat' dir='ltr'><strong>eausam</strong></span> <span class='ocrx_word' id='word_1_76' title='bbox 1189 1417 1425 1501; x_wconf 87' lang='lat' dir='ltr'><strong>Imperatorum</strong></span> 
     </span>
     <span class='ocr_line' id='line_1_11' title="bbox 374 1525 1424 1611; baseline -0.005 -17"><span class='ocrx_word' id='word_1_77' title='bbox 374 1527 457 1611; x_wconf 82' lang='lat' dir='ltr'><strong>(sor.</strong></span> <span class='ocrx_word' id='word_1_78' title='bbox 473 1534 550 1595; x_wconf 88' lang='lat' dir='ltr'><strong>aute</strong></span> <span class='ocrx_word' id='word_1_79' title='bbox 569 1526 786 1611; x_wconf 74' lang='lat' dir='ltr'><strong>Imperatores</strong></span> <span class='ocrx_word' id='word_1_80' title='bbox 805 1525 934 1608; x_wconf 72' lang='lat' dir='ltr'><strong>nuez.)</strong></span> <span class='ocrx_word' id='word_1_81' title='bbox 957 1527 999 1589; x_wconf 91' lang='lat' dir='ltr'><strong>ad</strong></span> <span class='ocrx_word' id='word_1_82' title='bbox 1018 1526 1079 1590; x_wconf 90' lang='lat' dir='ltr'><strong>hoo</strong></span> <span class='ocrx_word' id='word_1_83' title='bbox 1101 1547 1159 1590; x_wconf 89' lang='lat' dir='ltr'><strong>nos</strong></span> <span class='ocrx_word' id='word_1_84' title='bbox 1173 1547 1243 1591; x_wconf 89' lang='lat' dir='ltr'><strong>esse</strong></span> <span class='ocrx_word' id='word_1_85' title='bbox 1264 1531 1424 1600; x_wconf 83' lang='lat' dir='ltr'><strong>venturos,</strong></span> 
     </span>
     <span class='ocr_line' id='line_1_12' title="bbox 375 1633 1425 1716; baseline -0.004 -17"><span class='ocrx_word' id='word_1_86' title='bbox 375 1637 481 1700; x_wconf 70' lang='lat' dir='ltr'><strong>dum*</strong></span> <span class='ocrx_word' id='word_1_87' title='bbox 496 1635 580 1700; x_wconf 91' lang='lat' dir='ltr'><strong>enim</strong></span> <span class='ocrx_word' id='word_1_88' title='bbox 600 1635 719 1700; x_wconf 83' lang='lat' dir='ltr'><strong>talibus</strong></span> <span class='ocrx_word' id='word_1_89' title='bbox 738 1635 959 1700; x_wconf 88' lang='lat' dir='ltr'><strong>eommittitur.</strong></span> <span class='ocrx_word' id='word_1_90' title='bbox 1006 1637 1090 1700; x_wconf 90' lang='lat' dir='ltr'><strong>Item</strong></span> <span class='ocrx_word' id='word_1_91' title='bbox 1111 1635 1249 1700; x_wconf 86' lang='lat' dir='ltr'><strong>induetis</strong></span> <span class='ocrx_word' id='word_1_92' title='bbox 1271 1641 1304 1699; x_wconf 91' lang='lat' dir='ltr'><strong>et</strong></span> <span class='ocrx_word' id='word_1_93' title='bbox 1325 1633 1425 1716; x_wconf 87' lang='lat' dir='ltr'><strong>adpli-</strong></span> 
     </span>
     <span class='ocr_line' id='line_1_13' title="bbox 377 1740 1425 1827; baseline -0.005 -19"><span class='ocrx_word' id='word_1_94' title='bbox 377 1745 450 1809; x_wconf 90' lang='lat' dir='ltr'><strong>oitis</strong></span> <span class='ocrx_word' id='word_1_95' title='bbox 465 1744 595 1809; x_wconf 83' lang='lat' dir='ltr'><strong>Victore</strong></span> <span class='ocrx_word' id='word_1_96' title='bbox 610 1743 781 1808; x_wconf 81' lang='lat' dir='ltr'><strong>Samsuriei</strong></span> <span class='ocrx_word' id='word_1_97' title='bbox 796 1751 831 1808; x_wconf 92' lang='lat' dir='ltr'><strong>et</strong></span> <span class='ocrx_word' id='word_1_98' title='bbox 846 1743 1019 1809; x_wconf 87' lang='lat' dir='ltr'><strong>Saturnino</strong></span> <span class='ocrx_word' id='word_1_99' title='bbox 1033 1743 1216 1818; x_wconf 75' lang='lat' dir='ltr'><strong>fossoribus,</strong></span> <span class='ocrx_word' id='word_1_100' title='bbox 1231 1740 1425 1827; x_wconf 90' lang='lat' dir='ltr'><strong>Zenophilus</strong></span> 
     </span>
     <span class='ocr_line' id='line_1_14' title="bbox 378 1851 1425 1940; baseline -0.003 -23"><span class='ocrx_word' id='word_1_101' title='bbox 378 1855 417 1918; x_wconf 90' lang='lat' dir='ltr'><strong>V.</strong></span> <span class='ocrx_word' id='word_1_102' title='bbox 430 1853 467 1920; x_wconf 85' lang='grc' dir='ltr'><strong>Ο.</strong></span> <span class='ocrx_word' id='word_1_103' title='bbox 492 1853 666 1917; x_wconf 81' lang='lat' dir='ltr'><strong>consularis</strong></span> <span class='ocrx_word' id='word_1_104' title='bbox 687 1853 788 1917; x_wconf 85' lang='lat' dir='ltr'><strong>dixit:</strong></span> <span class='ocrx_word' id='word_1_105' title='bbox 821 1854 900 1934; x_wconf 77' lang='lat' dir='ltr'><strong>Quis</strong></span> <span class='ocrx_word' id='word_1_106' title='bbox 921 1854 1063 1918; x_wconf 78' lang='lat' dir='ltr'><strong>vooarisi</strong></span> <span class='ocrx_word' id='word_1_107' title='bbox 1093 1853 1288 1940; x_wconf 77' lang='lat' dir='ltr'><strong>Respondit:</strong></span> <span class='ocrx_word' id='word_1_108' title='bbox 1313 1851 1425 1916; x_wconf 85' lang='lat' dir='ltr'><strong>Satur-</strong></span> 
     </span>
     <span class='ocr_line' id='line_1_15' title="bbox 377 1960 1425 2049; baseline 0 -24"><span class='ocrx_word' id='word_1_109' title='bbox 377 1963 479 2026; x_wconf 83' lang='lat' dir='ltr'><strong>ninus</strong></span> <span class='ocrx_word' id='word_1_110' title='bbox 510 1961 703 2045; x_wconf 88' lang='lat' dir='ltr'><strong>Zenophilus</strong></span> <span class='ocrx_word' id='word_1_111' title='bbox 716 1963 754 2026; x_wconf 88' lang='lat' dir='ltr'><strong>V.</strong></span> <span class='ocrx_word' id='word_1_112' title='bbox 767 1962 802 2027; x_wconf 86' lang='lat' dir='ltr'><strong>O.</strong></span> <span class='ocrx_word' id='word_1_113' title='bbox 813 1963 912 2028; x_wconf 84' lang='lat' dir='ltr'><strong>dixit:</strong></span> <span class='ocrx_word' id='word_1_114' title='bbox 931 1964 1031 2049; x_wconf 89' lang='lat' dir='ltr'><strong>Cujus</strong></span> <span class='ocrx_word' id='word_1_115' title='bbox 1044 1963 1234 2029; x_wconf 87' lang='lat' dir='ltr'><strong>eonditionis</strong></span> <span class='ocrx_word' id='word_1_116' title='bbox 1245 1964 1299 2027; x_wconf 74' lang='lat' dir='ltr'><strong>esi</strong></span> <span class='ocrx_word' id='word_1_117' title='bbox 1314 1960 1425 2026; x_wconf 88' lang='lat' dir='ltr'><strong>Satur-</strong></span> 
     </span>
     <span class='ocr_line' id='line_1_16' title="bbox 376 2060 1426 2156; baseline 0 -22"><span class='ocrx_word' id='word_1_118' title='bbox 376 2071 471 2134; x_wconf 89' lang='lat' dir='ltr'><strong>ninus</strong></span> <span class='ocrx_word' id='word_1_119' title='bbox 497 2070 678 2155; x_wconf 87' lang='lat' dir='ltr'><strong>respondit:</strong></span> <span class='ocrx_word' id='word_1_120' title='bbox 712 2071 862 2134; x_wconf 66' lang='lat' dir='ltr'><strong>‘Fossox</strong></span> <span class='ocrx_word' id='word_1_121' title='bbox 915 2060 1108 2156; x_wconf 81' lang='lat' dir='ltr'><strong>Zenophilus</strong></span> <span class='ocrx_word' id='word_1_122' title='bbox 1133 2073 1172 2135; x_wconf 89' lang='lat' dir='ltr'><strong>V.</strong></span> <span class='ocrx_word' id='word_1_123' title='bbox 1185 2073 1225 2136; x_wconf 90' lang='lat' dir='ltr'><strong>C.</strong></span> <span class='ocrx_word' id='word_1_124' title='bbox 1251 2071 1426 2136; x_wconf 87' lang='lat' dir='ltr'><strong>oonsularis</strong></span> 
     </span>
     <span class='ocr_line' id='line_1_17' title="bbox 378 2179 1425 2246; baseline 0 -4"><span class='ocrx_word' id='word_1_125' title='bbox 378 2179 477 2244; x_wconf 82' lang='lat' dir='ltr'><strong>dixit:</strong></span> <span class='ocrx_word' id='word_1_126' title='bbox 506 2179 668 2244; x_wconf 87' lang='lat' dir='ltr'><strong>Silvanum</strong></span> <span class='ocrx_word' id='word_1_127' title='bbox 694 2180 755 2244; x_wconf 90' lang='lat' dir='ltr'><strong>sois</strong></span> <span class='ocrx_word' id='word_1_128' title='bbox 778 2202 848 2244; x_wconf 90' lang='lat' dir='ltr'><strong>esse</strong></span> <span class='ocrx_word' id='word_1_129' title='bbox 873 2182 1084 2246; x_wconf 71' lang='lat' dir='ltr'><strong>traditorem!</strong></span> <span class='ocrx_word' id='word_1_130' title='bbox 1111 2180 1300 2246; x_wconf 87' lang='lat' dir='ltr'><strong>Saturninus</strong></span> <span class='ocrx_word' id='word_1_131' title='bbox 1322 2179 1425 2244; x_wconf 88' lang='lat' dir='ltr'><strong>dixit:</strong></span> 
     </span>
     <span class='ocr_line' id='line_1_18' title="bbox 378 2288 1419 2376; baseline -0.001 -22"><span class='ocrx_word' id='word_1_132' title='bbox 378 2289 450 2354; x_wconf 88' lang='lat' dir='ltr'><strong>Soio</strong></span> <span class='ocrx_word' id='word_1_133' title='bbox 477 2289 639 2355; x_wconf 86' lang='lat' dir='ltr'><strong>lueernam</strong></span> <span class='ocrx_word' id='word_1_134' title='bbox 667 2290 838 2355; x_wconf 82' lang='lat' dir='ltr'><strong>tradidisse</strong></span> <span class='ocrx_word' id='word_1_135' title='bbox 868 2297 1065 2376; x_wconf 82' lang='lat' dir='ltr'><strong>argenteam.</strong></span> <span class='ocrx_word' id='word_1_136' title='bbox 1118 2289 1311 2374; x_wconf 89' lang='lat' dir='ltr'><strong>Zenophilus</strong></span> <span class='ocrx_word' id='word_1_137' title='bbox 1337 2288 1419 2358; x_wconf 84' lang='lat' dir='ltr'><strong>VO.</strong></span> 
     </span>
    </p>
   </div>
   <div class='ocr_carea' id='block_1_3' title="bbox 376 2391 1544 2482">
    <p class='ocr_par' dir='ltr' id='par_1_3' title="bbox 376 2391 1544 2482">
     <span class='ocr_line' id='line_1_19' title="bbox 376 2391 1544 2482; baseline 0 -20"><span class='ocrx_word' id='word_1_138' title='bbox 376 2399 551 2464; x_wconf 79' lang='lat' dir='ltr'><strong>consularis</strong></span> <span class='ocrx_word' id='word_1_139' title='bbox 576 2398 749 2464; x_wconf 87' lang='lat' dir='ltr'><strong>Saturnino</strong></span> <span class='ocrx_word' id='word_1_140' title='bbox 778 2400 882 2464; x_wconf 91' lang='lat' dir='ltr'><strong>dixit:</strong></span> <span class='ocrx_word' id='word_1_141' title='bbox 914 2401 998 2482; x_wconf 77' lang='lat' dir='ltr'><strong>Quid</strong></span> <span class='ocrx_word' id='word_1_142' title='bbox 1023 2400 1129 2466; x_wconf 74' lang='lat' dir='ltr'><strong>aliud!</strong></span> <span class='ocrx_word' id='word_1_143' title='bbox 1164 2399 1354 2464; x_wconf 85' lang='lat' dir='ltr'><strong>Saturninus</strong></span> <span class='ocrx_word' id='word_1_144' title='bbox 1376 2419 1426 2462; x_wconf 89' lang='lat' dir='ltr'><strong>re·</strong></span> <span class='ocrx_word' id='word_1_145' title='bbox 1540 2391 1544 2399; x_wconf 77' lang='grc'><strong>’</strong></span> 
     </span>
    </p>
   </div>
   <div class='ocr_carea' id='block_1_4' title="bbox 376 2507 1430 4193">
    <p class='ocr_par' dir='ltr' id='par_1_4' title="bbox 376 2507 1428 3911">
     <span class='ocr_line' id='line_1_20' title="bbox 377 2507 1424 2596; baseline 0.003 -26"><span class='ocrx_word' id='word_1_146' title='bbox 377 2508 521 2592; x_wconf 88' lang='lat' dir='ltr'><strong>spondit:</strong></span> <span class='ocrx_word' id='word_1_147' title='bbox 545 2507 645 2574; x_wconf 85' lang='lat' dir='ltr'><strong>Aliud</strong></span> <span class='ocrx_word' id='word_1_148' title='bbox 666 2508 782 2588; x_wconf 88' lang='lat' dir='ltr'><strong>neseio,</strong></span> <span class='ocrx_word' id='word_1_149' title='bbox 797 2509 859 2573; x_wconf 90' lang='lat' dir='ltr'><strong>uisi</strong></span> <span class='ocrx_word' id='word_1_150' title='bbox 880 2509 956 2595; x_wconf 88' lang='lat' dir='ltr'><strong>quia</strong></span> <span class='ocrx_word' id='word_1_151' title='bbox 979 2509 1039 2575; x_wconf 73' lang='lat' dir='ltr'><strong>fde</strong></span> <span class='ocrx_word' id='word_1_152' title='bbox 1054 2517 1129 2596; x_wconf 90' lang='lat' dir='ltr'><strong>post</strong></span> <span class='ocrx_word' id='word_1_153' title='bbox 1142 2530 1250 2575; x_wconf 85' lang='lat' dir='ltr'><strong>oroam</strong></span> <span class='ocrx_word' id='word_1_154' title='bbox 1270 2529 1341 2575; x_wconf 87' lang='lat' dir='ltr'><strong>eam</strong></span> <span class='ocrx_word' id='word_1_155' title='bbox 1361 2507 1424 2594; x_wconf 88' lang='lat' dir='ltr'><strong>eje-</strong></span> 
     </span>
     <span class='ocr_line' id='line_1_21' title="bbox 376 2617 1426 2703; baseline 0.001 -22"><span class='ocrx_word' id='word_1_156' title='bbox 376 2618 429 2682; x_wconf 91' lang='lat' dir='ltr'><strong>oit.</strong></span> <span class='ocrx_word' id='word_1_157' title='bbox 483 2617 529 2682; x_wconf 85' lang='lat' dir='ltr'><strong>Et</strong></span> <span class='ocrx_word' id='word_1_158' title='bbox 552 2625 676 2682; x_wconf 89' lang='lat' dir='ltr'><strong>remoto</strong></span> <span class='ocrx_word' id='word_1_159' title='bbox 703 2618 887 2695; x_wconf 75' lang='lat' dir='ltr'><strong>saturnino,</strong></span> <span class='ocrx_word' id='word_1_160' title='bbox 917 2619 1110 2703; x_wconf 90' lang='lat' dir='ltr'><strong>Zenophilus</strong></span> <span class='ocrx_word' id='word_1_161' title='bbox 1136 2620 1172 2683; x_wconf 94' lang='lat' dir='ltr'><strong>V.</strong></span> <span class='ocrx_word' id='word_1_162' title='bbox 1188 2619 1224 2684; x_wconf 82' lang='grc'><strong>0.</strong></span> <span class='ocrx_word' id='word_1_163' title='bbox 1252 2617 1426 2685; x_wconf 75' lang='lat' dir='ltr'><strong>eonsirlaris</strong></span> 
     </span>
     <span class='ocr_line' id='line_1_22' title="bbox 377 2726 1427 2813; baseline 0 -24"><span class='ocrx_word' id='word_1_164' title='bbox 377 2726 459 2791; x_wconf 80' lang='lat' dir='ltr'><strong>dixit</strong></span> <span class='ocrx_word' id='word_1_165' title='bbox 483 2726 644 2791; x_wconf 87' lang='lat' dir='ltr'><strong>adstanti:</strong></span> <span class='ocrx_word' id='word_1_166' title='bbox 681 2726 727 2790; x_wconf 84' lang='lat' dir='ltr'><strong>Et</strong></span> <span class='ocrx_word' id='word_1_167' title='bbox 750 2733 797 2803; x_wconf 91' lang='lat' dir='ltr'><strong>tu,</strong></span> <span class='ocrx_word' id='word_1_168' title='bbox 825 2726 896 2810; x_wconf 89' lang='lat' dir='ltr'><strong>quis</strong></span> <span class='ocrx_word' id='word_1_169' title='bbox 918 2728 1060 2793; x_wconf 78' lang='lat' dir='ltr'><strong>voearisi</strong></span> <span class='ocrx_word' id='word_1_170' title='bbox 1090 2728 1284 2813; x_wconf 86' lang='lat' dir='ltr'><strong>Respondit:</strong></span> <span class='ocrx_word' id='word_1_171' title='bbox 1316 2727 1427 2791; x_wconf 82' lang='lat' dir='ltr'><strong>Viator</strong></span> 
     </span>
     <span class='ocr_line' id='line_1_23' title="bbox 378 2835 1427 2921; baseline -0.001 -22"><span class='ocrx_word' id='word_1_172' title='bbox 378 2835 560 2900; x_wconf 87' lang='lat' dir='ltr'><strong>Samsuriei.</strong></span> <span class='ocrx_word' id='word_1_173' title='bbox 605 2835 800 2921; x_wconf 86' lang='lat' dir='ltr'><strong>Zenophilus</strong></span> <span class='ocrx_word' id='word_1_174' title='bbox 816 2836 853 2899; x_wconf 93' lang='lat' dir='ltr'><strong>V.</strong></span> <span class='ocrx_word' id='word_1_175' title='bbox 867 2837 905 2899; x_wconf 92' lang='lat' dir='ltr'><strong>C.</strong></span> <span class='ocrx_word' id='word_1_176' title='bbox 919 2835 1093 2901; x_wconf 76' lang='lat' dir='ltr'><strong>consularis</strong></span> <span class='ocrx_word' id='word_1_177' title='bbox 1111 2836 1213 2901; x_wconf 89' lang='lat' dir='ltr'><strong>dixit:</strong></span> <span class='ocrx_word' id='word_1_178' title='bbox 1239 2835 1337 2921; x_wconf 75' lang='lat' dir='ltr'><strong>cujus</strong></span> <span class='ocrx_word' id='word_1_179' title='bbox 1353 2856 1427 2899; x_wconf 88' lang='lat' dir='ltr'><strong>eon-</strong></span> 
     </span>
     <span class='ocr_line' id='line_1_24' title="bbox 378 2943 1425 3038; baseline -0.001 -31"><span class='ocrx_word' id='word_1_180' title='bbox 378 2943 507 3008; x_wconf 90' lang='lat' dir='ltr'><strong>ditionis</strong></span> <span class='ocrx_word' id='word_1_181' title='bbox 521 2947 576 3008; x_wconf 77' lang='lat' dir='ltr'><strong>esi</strong></span> <span class='ocrx_word' id='word_1_182' title='bbox 599 2944 709 3038; x_wconf 78' lang='lat' dir='ltr'><strong>Viotor</strong></span> <span class='ocrx_word' id='word_1_183' title='bbox 728 2944 828 3009; x_wconf 81' lang='lat' dir='ltr'><strong>dixit:</strong></span> <span class='ocrx_word' id='word_1_184' title='bbox 854 2945 985 3009; x_wconf 80' lang='lat' dir='ltr'><strong>Artifex</strong></span> <span class='ocrx_word' id='word_1_185' title='bbox 1004 2966 1084 3010; x_wconf 90' lang='lat' dir='ltr'><strong>sum.</strong></span> <span class='ocrx_word' id='word_1_186' title='bbox 1128 2946 1321 3031; x_wconf 88' lang='lat' dir='ltr'><strong>Zenophilus</strong></span> <span class='ocrx_word' id='word_1_187' title='bbox 1340 2944 1425 3011; x_wconf 80' lang='lat' dir='ltr'><strong>VO.</strong></span> 
     </span>
     <span class='ocr_line' id='line_1_25' title="bbox 376 3053 1423 3141; baseline 0.001 -23"><span class='ocrx_word' id='word_1_188' title='bbox 376 3054 477 3118; x_wconf 87' lang='lat' dir='ltr'><strong>dixit:</strong></span> <span class='ocrx_word' id='word_1_189' title='bbox 494 3053 656 3118; x_wconf 89' lang='lat' dir='ltr'><strong>Tabulam</strong></span> <span class='ocrx_word' id='word_1_190' title='bbox 670 3063 855 3139; x_wconf 81' lang='lat' dir='ltr'><strong>argenteam</strong></span> <span class='ocrx_word' id='word_1_191' title='bbox 870 3056 941 3141; x_wconf 89' lang='lat' dir='ltr'><strong>quis</strong></span> <span class='ocrx_word' id='word_1_192' title='bbox 952 3057 1106 3122; x_wconf 79' lang='lat' dir='ltr'><strong>tradidit!</strong></span> <span class='ocrx_word' id='word_1_193' title='bbox 1122 3056 1232 3122; x_wconf 89' lang='lat' dir='ltr'><strong>Viotor</strong></span> <span class='ocrx_word' id='word_1_194' title='bbox 1242 3056 1423 3141; x_wconf 87' lang='lat' dir='ltr'><strong>respondit:</strong></span> 
     </span>
     <span class='ocr_line' id='line_1_26' title="bbox 380 3162 1427 3251; baseline 0.002 -25"><span class='ocrx_word' id='word_1_195' title='bbox 380 3163 453 3227; x_wconf 89' lang='lat' dir='ltr'><strong>Non</strong></span> <span class='ocrx_word' id='word_1_196' title='bbox 468 3162 551 3238; x_wconf 85' lang='lat' dir='ltr'><strong>vidi;</strong></span> <span class='ocrx_word' id='word_1_197' title='bbox 566 3163 651 3247; x_wconf 91' lang='lat' dir='ltr'><strong>quod</strong></span> <span class='ocrx_word' id='word_1_198' title='bbox 665 3162 739 3239; x_wconf 88' lang='lat' dir='ltr'><strong>seio,</strong></span> <span class='ocrx_word' id='word_1_199' title='bbox 755 3163 816 3227; x_wconf 91' lang='lat' dir='ltr'><strong>boe</strong></span> <span class='ocrx_word' id='word_1_200' title='bbox 831 3164 910 3229; x_wconf 87' lang='lat' dir='ltr'><strong>dieo.</strong></span> <span class='ocrx_word' id='word_1_201' title='bbox 947 3166 1140 3251; x_wconf 86' lang='lat' dir='ltr'><strong>Zenophilus</strong></span> <span class='ocrx_word' id='word_1_202' title='bbox 1154 3167 1193 3229; x_wconf 95' lang='lat' dir='ltr'><strong>V.</strong></span> <span class='ocrx_word' id='word_1_203' title='bbox 1206 3165 1241 3230; x_wconf 83' lang='lat'><strong>0.</strong></span> <span class='ocrx_word' id='word_1_204' title='bbox 1253 3164 1427 3229; x_wconf 88' lang='lat' dir='ltr'><strong>eonsularis</strong></span> 
     </span>
     <span class='ocr_line' id='line_1_27' title="bbox 378 3272 1427 3361; baseline -0.001 -22"><span class='ocrx_word' id='word_1_205' title='bbox 378 3274 461 3339; x_wconf 89' lang='lat' dir='ltr'><strong>dixit</strong></span> <span class='ocrx_word' id='word_1_206' title='bbox 477 3273 615 3337; x_wconf 82' lang='lat' dir='ltr'><strong>Victori:</strong></span> <span class='ocrx_word' id='word_1_207' title='bbox 640 3272 736 3338; x_wconf 88' lang='lat' dir='ltr'><strong>Lieet</strong></span> <span class='ocrx_word' id='word_1_208' title='bbox 755 3274 824 3358; x_wconf 89' lang='lat' dir='ltr'><strong>jam</strong></span> <span class='ocrx_word' id='word_1_209' title='bbox 845 3276 1025 3341; x_wconf 86' lang='lat' dir='ltr'><strong>eonstiterit</strong></span> <span class='ocrx_word' id='word_1_210' title='bbox 1040 3299 1080 3341; x_wconf 84' lang='lat' dir='ltr'><strong>ex</strong></span> <span class='ocrx_word' id='word_1_211' title='bbox 1097 3275 1299 3361; x_wconf 83' lang='lat' dir='ltr'><strong>responsione</strong></span> <span class='ocrx_word' id='word_1_212' title='bbox 1317 3296 1427 3339; x_wconf 90' lang='lat' dir='ltr'><strong>eorum</strong></span> 
     </span>
     <span class='ocr_line' id='line_1_28' title="bbox 378 3382 1427 3468; baseline 0 -22"><span class='ocrx_word' id='word_1_213' title='bbox 378 3382 433 3468; x_wconf 90' lang='lat' dir='ltr'><strong>qui</strong></span> <span class='ocrx_word' id='word_1_214' title='bbox 454 3403 552 3466; x_wconf 90' lang='lat' dir='ltr'><strong>supra</strong></span> <span class='ocrx_word' id='word_1_215' title='bbox 573 3389 648 3447; x_wconf 91' lang='lat' dir='ltr'><strong>sunt</strong></span> <span class='ocrx_word' id='word_1_216' title='bbox 666 3382 868 3468; x_wconf 83' lang='lat' dir='ltr'><strong>interrogati,</strong></span> <span class='ocrx_word' id='word_1_217' title='bbox 885 3392 994 3449; x_wconf 90' lang='lat' dir='ltr'><strong>tamen</strong></span> <span class='ocrx_word' id='word_1_218' title='bbox 1014 3393 1051 3449; x_wconf 94' lang='lat' dir='ltr'><strong>tu</strong></span> <span class='ocrx_word' id='word_1_219' title='bbox 1071 3385 1221 3450; x_wconf 90' lang='lat' dir='ltr'><strong>eonfitere</strong></span> <span class='ocrx_word' id='word_1_220' title='bbox 1240 3391 1350 3449; x_wconf 85' lang='lat' dir='ltr'><strong>utrum</strong></span> <span class='ocrx_word' id='word_1_221' title='bbox 1368 3383 1427 3447; x_wconf 89' lang='lat' dir='ltr'><strong>Sil·</strong></span> 
     </span>
     <span class='ocr_line' id='line_1_29' title="bbox 379 3491 1428 3580; baseline 0.002 -25"><span class='ocrx_word' id='word_1_222' title='bbox 379 3513 478 3556; x_wconf 88' lang='lat' dir='ltr'><strong>vanus</strong></span> <span class='ocrx_word' id='word_1_223' title='bbox 489 3491 628 3555; x_wconf 89' lang='lat' dir='ltr'><strong>traditor</strong></span> <span class='ocrx_word' id='word_1_224' title='bbox 638 3491 693 3555; x_wconf 88' lang='lat' dir='ltr'><strong>sit.</strong></span> <span class='ocrx_word' id='word_1_225' title='bbox 725 3492 837 3557; x_wconf 89' lang='lat' dir='ltr'><strong>Viotor</strong></span> <span class='ocrx_word' id='word_1_226' title='bbox 847 3493 947 3557; x_wconf 92' lang='lat' dir='ltr'><strong>dixit:</strong></span> <span class='ocrx_word' id='word_1_227' title='bbox 971 3494 1138 3558; x_wconf 74' lang='lat' dir='ltr'><strong>ssSeenndo</strong></span> <span class='ocrx_word' id='word_1_228' title='bbox 1153 3494 1255 3580; x_wconf 87' lang='lat' dir='ltr'><strong>petito</strong></span> <span class='ocrx_word' id='word_1_229' title='bbox 1270 3493 1428 3579; x_wconf 89' lang='lat' dir='ltr'><strong>quomodo</strong></span> 
     </span>
     <span class='ocr_line' id='line_1_30' title="bbox 378 3602 1428 3693; baseline 0 -26"><span class='ocrx_word' id='word_1_230' title='bbox 378 3603 438 3667; x_wconf 91' lang='lat' dir='ltr'><strong>boo</strong></span> <span class='ocrx_word' id='word_1_231' title='bbox 452 3603 636 3693; x_wconf 60' lang='lat' dir='ltr'><strong>dimisit&#39;ut</strong></span> <span class='ocrx_word' id='word_1_232' title='bbox 650 3604 837 3668; x_wconf 88' lang='lat' dir='ltr'><strong>dueeremur</strong></span> <span class='ocrx_word' id='word_1_233' title='bbox 851 3604 893 3669; x_wconf 85' lang='lat' dir='ltr'><strong>ad</strong></span> <span class='ocrx_word' id='word_1_234' title='bbox 908 3602 1157 3689; x_wconf 74' lang='lat' dir='ltr'><strong>Carthaginem:</strong></span> <span class='ocrx_word' id='word_1_235' title='bbox 1177 3626 1232 3669; x_wconf 91' lang='lat' dir='ltr'><strong>ore</strong></span> <span class='ocrx_word' id='word_1_236' title='bbox 1251 3604 1350 3690; x_wconf 87' lang='lat' dir='ltr'><strong>ipsius</strong></span> <span class='ocrx_word' id='word_1_237' title='bbox 1363 3603 1428 3687; x_wconf 89' lang='lat' dir='ltr'><strong>epi-</strong></span> 
     </span>
     <span class='ocr_line' id='line_1_31' title="bbox 378 3712 1427 3801; baseline 0.001 -24"><span class='ocrx_word' id='word_1_238' title='bbox 378 3712 467 3798; x_wconf 88' lang='lat' dir='ltr'><strong>seopi</strong></span> <span class='ocrx_word' id='word_1_239' title='bbox 480 3712 604 3777; x_wconf 88' lang='lat' dir='ltr'><strong>andivi:</strong></span> <span class='ocrx_word' id='word_1_240' title='bbox 628 3721 649 3753; x_wconf 74' lang='lat'><strong>‘⁸</strong></span> <span class='ocrx_word' id='word_1_241' title='bbox 660 3715 751 3779; x_wconf 87' lang='lat' dir='ltr'><strong>Date</strong></span> <span class='ocrx_word' id='word_1_242' title='bbox 764 3722 815 3779; x_wconf 89' lang='lat' dir='ltr'><strong>est</strong></span> <span class='ocrx_word' id='word_1_243' title='bbox 832 3714 910 3779; x_wconf 92' lang='lat' dir='ltr'><strong>mihi</strong></span> <span class='ocrx_word' id='word_1_244' title='bbox 928 3714 1057 3780; x_wconf 86' lang='lat' dir='ltr'><strong>luoerna</strong></span> <span class='ocrx_word' id='word_1_245' title='bbox 1074 3722 1237 3801; x_wconf 71' lang='lat' dir='ltr'><strong>argentea</strong></span> <span class='ocrx_word' id='word_1_246' title='bbox 1252 3721 1287 3779; x_wconf 92' lang='lat' dir='ltr'><strong>et</strong></span> <span class='ocrx_word' id='word_1_247' title='bbox 1306 3714 1427 3799; x_wconf 84' lang='lat' dir='ltr'><strong>eapitu-</strong></span> 
     </span>
     <span class='ocr_line' id='line_1_32' title="bbox 380 3821 1427 3911; baseline 0.002 -24"><span class='ocrx_word' id='word_1_248' title='bbox 380 3831 399 3860; x_wconf 84' lang='lat'><strong>‘&#39;</strong></span> <span class='ocrx_word' id='word_1_249' title='bbox 415 3821 483 3887; x_wconf 89' lang='lat' dir='ltr'><strong>lata</strong></span> <span class='ocrx_word' id='word_1_250' title='bbox 496 3830 661 3907; x_wconf 83' lang='lat' dir='ltr'><strong>argentea,</strong></span> <span class='ocrx_word' id='word_1_251' title='bbox 676 3829 710 3888; x_wconf 90' lang='lat' dir='ltr'><strong>et</strong></span> <span class='ocrx_word' id='word_1_252' title='bbox 729 3824 789 3889; x_wconf 85' lang='lat' dir='ltr'><strong>bas</strong></span> <span class='ocrx_word' id='word_1_253' title='bbox 804 3824 952 3890; x_wconf 85' lang='lat' dir='ltr'><strong>tradidi.”</strong></span> <span class='ocrx_word' id='word_1_254' title='bbox 995 3824 1189 3911; x_wconf 88' lang='lat' dir='ltr'><strong>Zenophilus</strong></span> <span class='ocrx_word' id='word_1_255' title='bbox 1201 3826 1238 3889; x_wconf 89' lang='lat' dir='ltr'><strong>V.</strong></span> <span class='ocrx_word' id='word_1_256' title='bbox 1252 3824 1290 3890; x_wconf 85' lang='lat' dir='ltr'><strong>C.</strong></span> <span class='ocrx_word' id='word_1_257' title='bbox 1307 3824 1427 3890; x_wconf 85' lang='lat' dir='ltr'><strong>Viotori</strong></span> 
     </span>
    </p>

    <p class='ocr_par' dir='ltr' id='par_1_5' title="bbox 378 3971 1430 4193">
     <span class='ocr_line' id='line_1_33' title="bbox 412 3971 1425 4039; baseline 0.002 -18"><span class='ocrx_word' id='word_1_258' title='bbox 412 3971 808 4036; x_wconf 48' lang='lat' dir='ltr'><strong>mammaeam)</strong></span> <span class='ocrx_word' id='word_1_259' title='bbox 897 3972 989 4036; x_wconf 58' lang='lat' dir='ltr'><strong>epe</strong></span> <span class='ocrx_word' id='word_1_260' title='bbox 1001 3973 1126 4038; x_wconf 50' lang='lat' dir='ltr'><strong>uanus)</strong></span> <span class='ocrx_word' id='word_1_261' title='bbox 1209 3972 1352 4039; x_wconf 54' lang='lat' dir='ltr'><strong>“sonus</strong></span> <span class='ocrx_word' id='word_1_262' title='bbox 1374 3975 1425 4023; x_wconf 76' lang='lat' dir='ltr'><strong>vu</strong></span> 
     </span>
     <span class='ocr_line' id='line_1_34' title="bbox 378 4052 1430 4119; baseline 0.004 -16"><span class='ocrx_word' id='word_1_263' title='bbox 378 4068 456 4117; x_wconf 77' lang='lat' dir='ltr'><strong>:apro</strong></span> <span class='ocrx_word' id='word_1_264' title='bbox 466 4068 490 4115; x_wconf 85' lang='lat' dir='ltr'><strong>p.</strong></span> <span class='ocrx_word' id='word_1_265' title='bbox 498 4066 555 4113; x_wconf 76' lang='lat'><strong>2²3·</strong></span> <span class='ocrx_word' id='word_1_266' title='bbox 568 4053 584 4101; x_wconf 91' lang='grc' dir='ltr'><strong>Ι.</strong></span> <span class='ocrx_word' id='word_1_267' title='bbox 595 4052 648 4116; x_wconf 71' lang='lat'><strong>23.)</strong></span> <span class='ocrx_word' id='word_1_268' title='bbox 780 4054 868 4119; x_wconf 74' lang='lat' dir='ltr'><strong>s(ser.</strong></span> <span class='ocrx_word' id='word_1_269' title='bbox 880 4057 904 4104; x_wconf 84' lang='lat' dir='ltr'>A</span> <span class='ocrx_word' id='word_1_270' title='bbox 916 4056 1033 4105; x_wconf 75' lang='lat' dir='ltr'><strong>Senindo.</strong></span> <span class='ocrx_word' id='word_1_271' title='bbox 1053 4057 1143 4115; x_wconf 75' lang='lat' dir='ltr'><strong>censer</strong></span> <span class='ocrx_word' id='word_1_272' title='bbox 1154 4058 1217 4105; x_wconf 81' lang='lat' dir='ltr'><strong>Aeto</strong></span> <span class='ocrx_word' id='word_1_273' title='bbox 1230 4056 1351 4106; x_wconf 63' lang='lat' dir='ltr'><strong>effrenata</strong></span> <span class='ocrx_word' id='word_1_274' title='bbox 1361 4058 1430 4119; x_wconf 71' lang='lat' dir='ltr'><strong>apud</strong></span> 
     </span>
     <span class='ocr_line' id='line_1_35' title="bbox 381 4133 1427 4193; baseline 0.005 -11"><span class='ocrx_word' id='word_1_275' title='bbox 381 4134 471 4182; x_wconf 72' lang='lat' dir='ltr'><strong>Consti.</strong></span> <span class='ocrx_word' id='word_1_276' title='bbox 505 4134 540 4181; x_wconf 76' lang='lat' dir='ltr'><strong>Et</strong></span> <span class='ocrx_word' id='word_1_277' title='bbox 549 4133 655 4193; x_wconf 73' lang='lat' dir='ltr'><strong>sortem</strong></span> <span class='ocrx_word' id='word_1_278' title='bbox 664 4150 737 4183; x_wconf 75' lang='lat' dir='ltr'><strong>seara</strong></span> <span class='ocrx_word' id='word_1_279' title='bbox 747 4138 881 4185; x_wconf 75' lang='lat' dir='ltr'><strong>mittendi</strong></span> <span class='ocrx_word' id='word_1_280' title='bbox 892 4143 916 4185; x_wconf 76' lang='lat' dir='ltr'><strong>st</strong></span> <span class='ocrx_word' id='word_1_281' title='bbox 931 4138 1079 4186; x_wconf 63' lang='lat' dir='ltr'><strong>maome</strong></span> <span class='ocrx_word' id='word_1_282' title='bbox 1094 4138 1192 4186; x_wconf 66' lang='lat' dir='ltr'><strong>mussa</strong></span> <span class='ocrx_word' id='word_1_283' title='bbox 1202 4137 1293 4186; x_wconf 80' lang='lat' dir='ltr'><strong>dimisit</strong></span> <span class='ocrx_word' id='word_1_284' title='bbox 1308 4136 1347 4186; x_wconf 79' lang='lat' dir='ltr'><strong>bie</strong></span> <span class='ocrx_word' id='word_1_285' title='bbox 1357 4138 1427 4186; x_wconf 58' lang='lat' dir='ltr'><strong>aas·</strong></span> 
     </span>
    </p>
   </div>
   <div class='ocr_carea' id='block_1_5' title="bbox 378 4212 1429 4357">
    <p class='ocr_par' dir='ltr' id='par_1_6' title="bbox 378 4212 1429 4357">
     <span class='ocr_line' id='line_1_36' title="bbox 378 4212 1429 4277; baseline 0.008 -16"><span class='ocrx_word' id='word_1_286' title='bbox 378 4215 455 4262; x_wconf 68' lang='lat' dir='ltr'><strong>mar.</strong></span> <span class='ocrx_word' id='word_1_287' title='bbox 473 4212 1429 4277; x_wconf 52' lang='lat' dir='ltr'><strong>fflmmqaimreorastradiderotoamaiiisduoffleoandoeoatrocaeoi·</strong></span> 
     </span>
     <span class='ocr_line' id='line_1_37' title="bbox 378 4293 745 4357; baseline 0.011 -16"><span class='ocrx_word' id='word_1_288' title='bbox 378 4293 472 4341; x_wconf 70' lang='lat' dir='ltr'><strong>deam</strong></span> <span class='ocrx_word' id='word_1_289' title='bbox 485 4294 656 4357; x_wconf 63' lang='lat' dir='ltr'><strong>Corstopitum</strong></span> <span class='ocrx_word' id='word_1_290' title='bbox 666 4296 745 4357; x_wconf 73' lang='lat' dir='ltr'><strong>adiit.)</strong></span> 
     </span>
    </p>
   </div>
   <div class='ocr_carea' id='block_1_6' title="bbox 0 0 1633 5150">
    <p class='ocr_par' dir='ltr' id='par_1_7' title="bbox 0 0 1633 5150">
     <span class='ocr_line' id='line_1_38' title="bbox 0 0 1633 5150; baseline 0 0"><span class='ocrx_word' id='word_1_291' title='bbox 0 0 1633 5150; x_wconf 95' lang='lat' dir='ltr'><strong> </strong></span> 
     </span>
    </p>
   </div>
  </div>
 </body>
</html>
