3242 5150
312 411 362 475 IN
386 411 640 474 ANCYRANI
666 410 883 475 CONCILII
907 412 1137 476 CANONES.
1183 415 1248 482 1³9

200 582 285 665 quod
307 580 433 646 eddidit
459 581 649 666 Beveregiue
672 591 745 666 post
772 583 1047 660 κοινωνησάτωσον,
1075 583 1133 659 vel,
1157 591 1194 648 ut
1219 585 1247 647 ie

198 683 285 768 legit,
302 687 546 758 κοινωνείτωσαν,
561 707 611 748 σαν
626 683 717 748 libros
732 683 909 747 Βνόίνίααια
924 682 1246 769 δίθίόνόάσσωσσπρίνσ,

197 786 363 849 σοόόσνυινα
379 783 595 869 Δίινγόῑαπνπν.

242 887 279 950 P.
293 891 363 951 116.
379 887 398 950 l.
413 905 443 966 7.
458 893 495 974 τῇ
509 890 631 972 τριετίᾳ]
656 888 757 972 Vulgo
768 892 803 967 τῇ
815 891 975 972 τετραετίᾳ.
1011 887 1073 952 Sed
1088 889 1246 954 Lobbaeus

196 989 239 1052 ud
264 1011 363 1074 marg.
394 989 595 1054 Omoiliorum
620 991 736 1074 posuit,
760 990 802 1053 ul.
833 993 951 1074 τρεετίη,
979 998 1135 1076 notatque
1159 994 1246 1056 Har-

196 1089 322 1167 duinus,
344 1093 520 1157 “Zonaras
545 1093 751 1174 πληρουμένης
781 1097 833 1170 τῆς
862 1094 988 1174 τριετίας
1012 1104 1082 1178 poet
1109 1105 1246 1158 νπασνυυυ

195 1201 216 1244 ‘-‘
231 1193 426 1256 triennium?
469 1195 618 1279 Dumque
631 1195 776 1258 simili-ter
793 1193 896 1258 looum
910 1204 1075 1279 exponunt
1094 1194 1245 1259 Balenmo

195 1303 229 1359 et
245 1296 426 1371 Aristonus,
441 1299 648 1362 conferendus
663 1306 712 1360 est
727 1297 837 1362 Canon
858 1297 1001 1382 proxime
1015 1319 1159 1380 sequens,
1173 1307 1246 1363 tum

195 1419 270 1461 vero
301 1399 398 1463 verbu
422 1400 560 1465 Cononis
576 1400 644 1463 IX.
674 1402 723 1463 ivo
756 1400 810 1479 τὴν
845 1402 999 1463 δεκαετίαν
1032 1403 1245 1480 πληρώσαντες

193 1505 247 1563 τοῦ
260 1502 377 1564 τελείου
389 1503 571 1586 μετάχωσιν.
619 1503 659 1565 In
674 1503 777 1568 tribus
796 1523 922 1587 quoque
941 1501 1102 1564 oodicibus
1116 1502 1245 1586 scriptis

198 1621 209 1664 ι
215 1603 267 1686 58.
292 1611 325 1668 et
354 1605 421 1686 ¹85.
443 1614 476 1669 et
498 1621 568 1689 205.
592 1605 702 1668 itidem
727 1605 759 1667 in
785 1604 909 1688 Lloydii
935 1605 1035 1667 MSto
1062 1602 1240 1679 lectionem,

193 1725 289 1786 quam
304 1706 442 1789 reposui,
456 1705 613 1790 reperies;
637 1707 739 1770 ultera
754 1714 861 1770 tomen
876 1705 970 1769 leotio
984 1707 1135 1789 τετραετίη
1151 1704 1242 1770 valde

191 1807 324 1890 antiqua
338 1815 397 1882 eet,
414 1807 446 1870 in
461 1807 606 1871 ueteribus
621 1830 746 1892 quoque
770 1805 959 1870 Verrionitru
973 1808 1110 1870 invente.

239 1908 322 1972 lbid.
337 1909 358 1972 l.
376 1929 422 1973 12.
440 1913 675 1996 ε’πιμετρείσθω.]
702 1913 847 1976 Zonaras
861 1910 925 1974 ait:
947 1914 1050 1972 Ταῦτα
1060 1911 1117 1988 μὲν
1128 1910 1244 1990 ὥρισαν

191 2011 221 2072 σί
244 2015 294 2089 τῆς
316 2013 451 2076 συνόδου.
481 2014 580 2092 ἐπειδὴ
602 2014 735 2093 ἤδεισαν,
759 2014 804 2076 ὅτι
828 2013 862 2075 οὗ
887 2011 995 2078 πάντες
1018 2012 1125 2089 ὁμοίως
1149 2037 1240 2090 μετα-

192 2117 324 2189 νοοῦσιν,
340 2113 408 2178 ἀλλ’
425 2117 453 2178 oi
468 2117 524 2194 μὲν
539 2115 771 2193 ἐπιμελέστερον
787 2113 909 2196 ἔχονται
923 2113 1153 2191 τῆς-μετανοίας,
1164 2114 1193 2175 oi
1208 2115 1242 2176 n

190 2215 400 2296 ῥαθυμότερον,
415 2215 449 2278 τδ
471 2221 531 2281 πᾶν
553 2222 604 2296 τῆς
627 2215 671 2280 ἔπ’
688 2217 785 2282 αὐτοῖς
804 2216 972 2295 οἰκονομίας
991 2221 1053 2281 τοῖς
1066 2217 1240 2281 ἐπισκόποις

191 2316 342 2391 άνέθεντσ,
360 2319 438 2382 ὥσπε
453 2321 618 2398 δοκιμάζειν
633 2321 762 2384 ἐκείνους
776 2317 829 2380 τδν
845 2319 953 2397 τρόπον
967 2320 1017 2394 τῆς
1036 2317 1163 2380 ἑκάστου
1178 2319 1244 2381 έπι-

190 2423 334 2500 στροφῆς,
348 2421 395 2484 καὶ
409 2421 708 2501 φιλανθρωπεύεσθαι
724 2422 772 2482 καὶ
787 2419 968 2483 συστέλλειν
982 2419 1036 2482 τὸν
1055 2421 1166 2501 χρόνον
1180 2426 1239 2483 τῶν

190 2521 343 2600 ἐπιτιμίων
358 2527 419 2591 τοῖς
434 2525 613 2605 θερμότερον
627 2528 816 2602 μετουσοῢσι,
834 2522 882 2585 καὶ
901 2523 1028 2585 πλειόνα
1047 2521 1241 2602 προστιθέναι

188 2625 302 2705 χρόνον
315 2631 378 2692 τοῖς
396 2628 588 2707 νωθρότερον,
610 2631 735 2689 σκοπεῖν
755 2628 788 2689 δὲ
808 2625 856 2687 καὶ
876 2624 931 2686 τὸν
948 2626 1144 2703 προλαβόντα
1165 2626 1238 2703 βίον

190 2726 297 2799 αὐτῶν,
321 2727 369 2789 καὶ
390 2727 444 2791 τὸν
464 2733 640 2806 μεταταῦτα,
660 2730 687 2791 εἰ
709 2728 874 2807 σωφρόνως
896 2726 969 2802 ἔζων
992 2725 1040 2788 καὶ
1062 2750 1238 2805 συντετηρη-

187 2828 294 2909 μένως,
312 2832 360 2893 καὶ
376 2830 474 2907 ζῶσιν,
490 2829 509 2908 ἢ
523 2830 684 2910 ἀνειμένως
703 2830 751 2893 καὶ
772 2829 950 2909 ἀδιαφόρως,
966 2829 1014 2891 καὶ
1031 2830 1123 2894 οὕτως
1138 2830 1238 2907 ἐπιμε-

187 2937 270 3013 τρεῖν
293 2934 392 2999 αὐτοῖς
417 2932 471 3011 τὴν
496 2934 733 3015 φιλανθρωπίαν.
780 2932 890 2995 Adeas
918 2930 1039 2995 utiliter
1069 2930 1236 2994 Marshnlli

190 3034 228 3097 V.
241 3033 282 3097 D.
300 3056 379 3119 opus
394 3035 531 3120 Anglioa
544 3034 653 3119 lingua
667 3034 892 3119 conscriptum,
907 3035 956 3096 Do
972 3031 1151 3118 Disciplina
1166 3034 1239 3098 Ριυ-

187 3137 343 3201 nemrot?
358 3137 470 3203 Εσσθνο.
487 3138 666 3214 Primum,
681 3159 748 3222 cap.
759 3136 802 3201 iii.
820 3142 844 3218 ᾗ
859 3156 887 3199 2.
904 3158 932 3221 p.
951 3154 1019 3220 ¹75·
1035 3144 1149 3219 etseq.

594 3323 748 3389 OANON
771 3322 833 3387 VI.

233 3442 317 3506 ibid.
333 3443 355 3507 1.
372 3464 418 3522 ¹4·
437 3445 513 3525 Περὶ
527 3450 586 3507 τῶν
599 3443 672 3527 θνα]
698 3443 807 3508 Onnon
824 3442 945 3507 Nioaen.
956 3466 1000 3505 κν.
1025 3444 1190 3505 Ηκαυσικ.

230 3544 313 3607 Ibid.
345 3544 367 3606 l.
393 3565 403 3607 ι
410 3562 441 3629 5.
467 3542 486 3623 ἢ
513 3545 676 3629 μετοικίας]
704 3546 1053 3623 Zonaras-utrorum,
1081 3544 1235 3608 τουτέστιν

187 3648 314 3726 ἑξορίαν.

230 3750 267 3812 Ρ.
286 3766 353 3831 ¹¹7·
368 3748 388 3811 l.
405 3769 431 3812 1.
454 3752 506 3827 τῆς
525 3751 659 3831 μεγάλης
679 3750 802 3835 ἡμέρας]
827 3753 891 3814 Per
912 3772 1062 3835 magnum
1081 3749 1166 3812 diem
1186 3748 1232 3811 in-

185 3848 389 3934 telligendum
415 3860 465 3915 eet
490 3858 635 3916 sanetum
659 3853 791 3930 Ρασοάα,
817 3853 865 3917 itu
890 3852 1022 3927 dietum,
1048 3852 1090 3914 ob
1115 3872 1232 3933 magno

183 3947 238 4012 iilo
253 3950 414 4026 beneficio,
426 3974 497 4036 quae
510 3952 661 4018 Servatur
676 3962 784 4018 noster
792 3976 852 4038 per
864 3951 1127 4017 resurrectionem
1142 3972 1231 4013 suem
1288 3979 1291 3986 ¹

183 4048 246 4114 isto
261 4051 312 4115 die
326 4051 418 4115 nobie
432 4052 627 4129 oonoiliavit;
650 4054 734 4118 undo
748 4054 845 4118 etium
858 4052 1037 4116 Sabbatum
1051 4049 1232 4134 praeoedens

182 4160 314 4216 voontur
335 4152 414 4235 μέγα
435 4154 607 4234 σάββατον,
622 4166 653 4218 et
675 4177 847 4238 pnreeoeue
862 4155 926 4218 eive
944 4160 1036 4216 sextu
1054 4151 1134 4215 feria
1155 4172 1232 4212 mox

180 4256 383 4331 antemdenn
409 4256 526 4337 μεγάλη
551 4260 732 4337 παρασκεόη,
758 4263 792 4321 et
818 4265 890 4320 totu
915 4255 1043 4340 quidem
1067 4275 1106 4316 ea
1134 4254 1230 4336 septi-

179 4378 286 4434 mane,
301 4355 335 4419 in
350 4379 412 4441 qua
431 4358 588 4422 Dominus
607 4366 715 4423 noster
734 4358 902 4423 crucifixus
920 4366 979 4431 eet,
995 4376 1127 4440 quaeqne
1143 4374 1228 4436 mag·

692 4484 712 4525 T
729 4481 746 4527 2
