3242 5150
397 422 671 487 CONCILIUM
696 423 1020 489 ARELATENSE
1046 425 1074 487 1.
1193 426 1255 489 801

206 593 323 694 μόνως
361 595 670 697 διαγωνιζομένων,
709 594 887 698 παρόντος
924 628 961 674 τε
999 598 1059 674 καὶ
1093 603 1158 674 τοῦ
1193 599 1257 693 τῆς

207 731 349 830 Ῥώμης
366 727 576 825 ἐπισκόπου,
593 739 701 810 τοῦτο
723 729 810 833 ἀπερ
834 727 945 810 ἐδόκει
963 733 1181 829 κεκινῆσθαι,
1199 734 1260 810 δυ-

209 873 299 972 νηθῇ
317 864 386 947 ἀπὸ
405 870 469 964 τῆς
482 867 683 968 παρουσίας
694 869 813 945 αὐτῶν
826 866 916 960 μετὰ
932 866 1056 964 πάσης
1070 869 1259 965 ἐπιμελοῦς

210 1004 428 1107 διακρίσεως,
460 1000 719 1104 κατορθώσεως
750 1010 879 1107 τυχεῖν.
930 1003 1016 1080 ἀλλ’
1048 999 1177 1100 ἐπειδὴ,
1212 1004 1260 1086 ὡς

210 1139 411 1235 συμβαίνει,
430 1134 681 1236 ἐπιλαθόμενοι
708 1135 798 1220 τινὲς
827 1139 885 1216 καὶ
913 1141 976 1234 τῆς
1001 1136 1181 1239 σωτηρίας
1197 1139 1261 1234 τῆς

211 1275 311 1369 ἰδίας,
330 1279 388 1351 καὶ
406 1280 471 1350 τοῦ
488 1271 724 1371 σεβάσματος
744 1280 806 1351 τοῦ
825 1270 1122 1376 ἀφειλομείιουτῇ
1146 1272 1257 1372 ἁγιω-

211 1407 302 1510 τάτῃ
318 1405 462 1509 αἱρέσει,
485 1405 537 1485 ἔτι
555 1410 615 1485 καὶ
634 1415 697 1486 νῦν
714 1405 779 1491 τάς
793 1408 883 1488 ἰδίας
897 1406 1025 1510 ἔχθρας
1042 1405 1263 1508 παρατείνειν

212 1543 254 1620 ori
270 1540 455 1631 παύονται,
471 1540 521 1640 μὴ
535 1539 750 1639 βουλόμεναι
762 1548 808 1646 τῇ
822 1541 890 1642 ἤδη
904 1541 1129 1648 ἐξενεχθείσῃ
1148 1544 1263 1644 κρίσει

212 1677 456 1757 συντίθεσθαι·
487 1681 545 1756 καὶ
565 1676 802 1780 διυριζόμευοι,
821 1677 876 1758 ὅτι
895 1675 939 1776 δὴ
953 1677 1024 1780 ἆρα
1036 1679 1153 1778 ὀλίγοι
1172 1677 1263 1762 τινές

213 1813 278 1897 τάς
295 1813 440 1916 γνώμας
458 1816 516 1892 καὶ
541 1812 604 1896 τάς
630 1811 834 1920 ἀποφάσεις
855 1815 989 1894 ἑαυτῶν
1007 1813 1209 1920 ἐξήνεγκαν·
1238 1811 1262 1914 ἢ

214 1948 340 2048 καὶμὴ
357 1947 532 2051 πρότερον
550 1948 809 2028 ἁπάντωντῶν
827 1946 1048 2054 ὀφειλόντων
1073 1949 1264 2052 ζητηθῆναι

214 2086 370 2190 ἀκριβῶς
388 2083 662 2189 ἑξετασθεντων·
680 2081 772 2184 πρὸς
788 2081 832 2162 τὸ
856 2081 923 2182 τὴν
944 2083 1063 2186 κρίσιν
1084 2084 1265 2190 ἐξενέγκαι

213 2219 309 2300 πάνυ
327 2220 462 2324 ταχείας
476 2223 534 2298 καὶ
548 2219 658 2326 ὀξέως
673 2219 870 2299 ἔσπευσαν·
895 2220 934 2298 ἔκ
948 2252 985 2297 τε
997 2219 1132 2300 τούτων
1145 2221 1261 2302 ἁπάν-

215 2389 288 2435 των
304 2359 417 2435 ἐκεῖνα
435 2356 626 2452 συμβαίνει
644 2355 823 2456 γενέσθαι,
838 2354 880 2434 τὸ
900 2359 958 2434 καὶ
977 2355 1122 2439 τούτους
1139 2355 1266 2442 αὐτοὺς

216 2489 416 2598 ἀδελφικὴν
434 2493 493 2569 καὶ
512 2490 698 2597 ὁμόφρονα
717 2492 928 2595 ὀφείλοντας
946 2491 1037 2595 ἔχειν
1049 2492 1265 2598 ὀμοφυχίαν,

218 2632 388 2729 αἰσχρῶς,
408 2632 553 2722 μᾶλλον
571 2624 609 2704 δὲ
627 2632 793 2725 μυσερῶς
811 2624 989 2725 ἀλλήλων
1002 2627 1266 2724 ἀποδιεστάυαι,

219 2761 276 2837 καὶ
294 2765 368 2840 τοῖς
385 2760 585 2860 ἀνθρώποις
603 2767 676 2843 τοῖς
694 2761 890 2863 ἀλλοτρίας
915 2760 1039 2864 έχουσι
1057 2758 1121 2844 reis
1144 2759 1267 2867 ψυχάς

220 2892 291 2974 ἀπὸ
323 2899 387 2993 τῆς
417 2894 616 2996 ἁγιωτάτης
644 2897 836 2996 θρησκείαις
883 2895 1049 2997 *ταύτης
1080 2895 1268 3003 πρόφασιν

219 3117 360 3183 presente
374 3106 493 3183 insuper
508 3107 640 3165 Romano
655 3108 715 3187 epi·
768 3108 946 3173 examinatis,
974 3108 1010 3166 ad
1039 3108 1267 3187 depromendum

220 3207 315 3266 scopo,
345 3198 443 3264 posset
468 3186 498 3244 id
518 3208 613 3257 omne,
639 3189 717 3265 quod
764 3189 908 3266 judicium
929 3209 1111 3267 praepropere
1126 3189 1268 3247 festinen-

220 3279 395 3325 commotum
416 3266 577 3334 videbatur.
592 3288 718 3346 prtesen-
768 3280 871 3346 terque
885 3270 1067 3347 processisse.
1100 3268 1268 3340 Quotiens

220 3348 299 3405 tibus
322 3347 393 3423 ipsis
418 3359 551 3405 securata
575 3348 717 3428 discepto·
768 3363 799 3409 et
813 3351 879 3427 ipsi.
895 3369 968 3425 quos
982 3350 1143 3408 fraternum
1158 3360 1188 3409 et
1200 3371 1268 3409 cou-

221 3428 301 3485 tione
314 3428 459 3505 componi.
490 3428 549 3486 Sed
563 3430 719 3505 quianon.
769 3430 884 3489 condem
911 3431 1073 3489 animorum
1097 3449 1269 3489 consensum

221 3507 304 3572 nulli.
320 3519 354 3565 ut
375 3508 437 3566 fere
452 3506 495 3573 fit,
511 3528 571 3566 suae
590 3510 718 3587 ipsorum
769 3512 895 3569 retinere
909 3530 960 3587 pur
975 3521 1046 3576 erat,
1059 3511 1138 3589 turpi
1153 3521 1205 3570 aut
1219 3531 1269 3569 ue·

221 3587 333 3653 sslutis,
339 3599 369 3645 et
378 3588 627 3666 revererrtiae,quae
637 3610 719 3650 suno
769 3591 842 3648 feria
857 3590 955 3668 potius
968 3590 1147 3649 dissensione
1162 3590 1268 3650 disere-

222 3667 717 3748 tissimoefideidebetur,obliti‚pri-
770 3683 850 3749 peut,
871 3682 901 3729 et
922 3670 1030 3729 aversis
1052 3691 1069 3728 a
1091 3670 1270 3729 sanctissime

223 3757 303 3805 vates
311 3748 406 3807 adhuc
414 3748 577 3807 simultates
585 3770 720 3810 exercere
770 3750 909 3827 religione
919 3751 1085 3809 hominibus
1093 3750 1211 3808 ludibrii
1221 3772 1269 3809 οα·

222 3849 280 3885 uon
296 3840 424 3898 cessent;
446 3829 515 3887 dum
533 3829 646 3908 prolsto
658 3831 719 3906 jum
770 3832 915 3889 cessionem
926 3832 1083 3907 praebcent.
1112 3831 1271 3909 Propterea

219 3908 332 3984 judicio
372 3910 553 3986 acquiescere
594 3910 718 3970 noluutz
771 3911 844 3968 mihi
857 3910 959 3969 sedulo
973 3910 1183 3986 providendum
1201 3912 1270 3976 fuit.

222 4000 436 4067 ouusuuturque
447 4010 464 4047 a
474 3991 573 4065 paucis
583 3990 720 4050 videlicet
771 4002 806 4049 ut
820 3992 880 4049 haec
895 4011 959 4068 quoe
971 4003 1036 4069 post
1048 3992 1190 4068 judicium
1203 4011 1271 4069 pro-

224 4067 315 4127 dictus
337 4071 496 4129 sententies
514 4071 616 4135 fuisse,
634 4083 722 4148 etque
771 4072 862 4129 letum
875 4072 1271 4131 sederivoluntsrioassensu

223 4147 276 4207 hos
289 4151 368 4227 ipsos
383 4171 441 4208 nou
455 4151 664 4227 omnibusque
676 4154 722 4210 in.
772 4152 952 4221 debuerant;
980 4151 1027 4209 vel
1050 4172 1128 4211 nuno
1153 4151 1271 4211 taudem

224 4229 300 4304 quiri
310 4241 379 4289 ente
393 4232 555 4309 oportebat,
567 4231 723 4308 diligenter
773 4231 874 4291 multis
886 4232 1076 4310 praesentibus
1087 4232 1199 4290 exitum
1208 4252 1269 4291 sor·

249 4408 262 4435 ‘
275 4407 377 4471 (ταύτης
391 4426 436 4471 pro
446 4407 536 4466 ταύτην
549 4410 651 4458 current
664 4408 790 4457 Burtonm
800 4424 831 4458 αι
839 4410 953 4471 plurimis
964 4412 1028 4459 codd.
1042 4409 1246 4472 Νιωρλυταηιιι.)
