3242 5150
413 419 661 484 APOLOGIA
683 419 776 483 PRO
799 419 1027 484 ORIGENE.
1179 423 1245 486 383

198 594 306 652 autem
322 589 415 654 laotae
428 591 588 667 sint,on
598 591 701 668 simul,
715 597 774 655 ant
791 612 876 654 nune
889 611 947 675 por
961 589 1100 676 singulos
1116 613 1245 658 nasoon-

199 700 288 778 tium‚
304 701 380 786 quid
395 701 525 789 perieuli
535 711 586 768 est
601 703 767 768 alternme
781 703 905 767 duobus
916 700 1060 787 opinari?
1074 701 1137 766 Sed
1152 703 1246 768 aliter

198 811 389 894 respondere
408 811 557 896 possibile
571 819 631 888 est,
646 818 685 877 ut
703 811 806 875 omnis
825 811 952 893 penitus
972 809 1119 896 eulpandi
1138 811 1247 877 aditus

200 919 397 984 excludatur.
441 921 531 986 Siout
554 922 638 986 enim
660 922 701 986 de
721 922 929 986 luminaribus
951 920 1021 986 eoeli
1041 919 1165 986 diversa
1184 921 1246 986 sin-

199 1029 276 1114 guli,
287 1029 384 1094 etiam
399 1030 458 1115 ipsi
471 1031 524 1116 qui
540 1031 662 1096 suntin
673 1032 836 1110 Ecclesiis,
849 1031 1010 1104 sentiunt;
1034 1029 1104 1094 aliis
1119 1031 1246 1115 quidem

201 1139 405 1224 opinantibus
416 1163 484 1205 esse
496 1140 680 1217 animantia,
696 1148 730 1205 et
740 1142 758 1179 *
767 1139 1003 1205 rationabilium
1015 1139 1224 1206 animantium
1234 1166 1244 1221 3

200 1247 271 1313 aliis
290 1270 364 1312 vero
385 1249 572 1333 putantibus
593 1250 679 1334 quod
699 1249 930 1314 irrationabilia
952 1251 1025 1328 sint,
1051 1250 1148 1313 immo
1172 1272 1246 1314 vero

201 1359 286 1443 quod
300 1379 364 1421 non
379 1357 480 1421 solum
491 1358 607 1435 anima,
623 1359 681 1422 sed
695 1366 730 1422 et
743 1357 829 1423 omni
849 1380 943 1423 sensu
963 1359 1090 1443 penitus
1106 1366 1245 1436 careant,

201 1474 235 1531 et
260 1468 328 1531 sola
350 1467 417 1531 sine
441 1467 556 1553 spiritu
579 1489 618 1532 ae
643 1489 737 1532 sensu
756 1467 821 1532 sint
840 1489 991 1552 oorpora:
1020 1490 1113 1534 nemo
1139 1475 1248 1534 tumen

201 1575 316 1640 merito
333 1575 470 1639 altarum
483 1597 593 1640 eornm
608 1575 663 1660 qui
680 1575 749 1641 haeo
768 1575 816 1640 ita
835 1576 957 1640 diverse
976 1576 1129 1655 sentiunt,
1146 1577 1247 1642 heere-

202 1686 302 1750 tioum
323 1684 450 1763 dixerit,
465 1692 636 1770 propterea
650 1686 735 1769 quod
754 1705 819 1750 non
840 1692 952 1770 aperte
966 1685 1006 1749 de
1026 1686 1076 1750 his
1093 1687 1249 1752 traditum

203 1796 299 1861 estin
314 1797 504 1879 Apostolioa
525 1795 769 1881 praedieatione:
791 1796 839 1862 ita
861 1796 958 1861 etiam
980 1818 1035 1861 eos
1057 1796 1111 1882 qui
1131 1798 1171 1862 de
1192 1797 1249 1862 hu-

202 1928 298 1970 mana
316 1905 425 1971 anima
443 1906 604 1985 dubitant,
619 1915 653 1972 et
666 1907 707 1971 de
725 1907 818 1970 initio
832 1907 901 1992 ejus
920 1907 968 1971 vel
988 1907 1107 1993 origine
1126 1908 1250 1972 diversa

203 2017 385 2104 opinantur,
399 2039 463 2081 non
485 2024 535 2082 est
553 2024 677 2081 rectum
695 2016 864 2082 haeretieos
878 2015 1096 2103 pronuntiare,
1112 2015 1250 2081 maxime

202 2148 274 2192 oum
289 2126 321 2189 in
336 2125 465 2211 reliquis
479 2125 712 2190 Eoolesiastioae
726 2126 880 2192 deotrinae
894 2124 1010 2211 regulis
1026 2125 1111 2210 quod
1127 2132 1252 2190 reatum

203 2243 252 2300 est
265 2241 300 2301 et
314 2236 504 2301 oatholioum
518 2241 660 2299 teneant.
791 2233 795 2238 ’

246 2346 425 2412 Novissima
435 2344 612 2411 criminatio
623 2351 674 2410 est
683 2348 989 2426 μετενσωμοτῶσεος,
1000 2344 1060 2410 hoo
1075 2352 1136 2421 est,
1147 2350 1252 2409 trans-

203 2456 389 2520 mutationis
404 2456 593 2520 animarum.
638 2455 694 2519 Ad
713 2457 808 2539 quod,
823 2455 906 2520 siout
923 2455 956 2518 in
972 2454 1096 2520 oaeteris
1110 2453 1250 2532 lenimus,

204 2566 303 2651 ipsius
328 2564 383 2650 qui
407 2570 577 2629 aoousatur
603 2564 864 2650 respondebimus
891 2563 1011 2629 verbis:
1047 2563 1124 2627 illud
1149 2562 1252 2648 primo

205 2676 439 2761 perneoessario
459 2682 704 2752 commonentes,
720 2675 795 2760 quia
813 2679 1016 2739 aoousatores
1030 2672 1099 2758 ejus
1118 2692 1182 2735 non
1202 2672 1251 2735 in·

205 2783 384 2870 telligentes
398 2784 535 2869 qualiter
556 2784 598 2849 ab
613 2806 651 2849 eo
671 2784 712 2849 de
732 2784 796 2848 ista
810 2782 984 2870 quaestione
1004 2787 1180 2846 traotatnm
1199 2780 1251 2859 sit,

205 2894 255 2959 vel
270 2895 353 2979 qnod
373 2894 458 2959 ratio
477 2894 703 2980 disputationis
715 2895 764 2961 ita
786 2917 821 2960 se
840 2894 972 2971 habeat,
986 2900 1023 2957 nt
1046 2913 1109 2956 non
1129 2912 1253 2975 semper

205 3006 273 3071 sola
287 3006 374 3072 ve'lnt
388 3028 429 3071 ex
447 3028 584 3093 persona
602 3006 801 3092 pronuntiari
821 3005 989 3070 videantur
1003 3025 1074 3088 quas
1093 3002 1253 3079 dicuntur,

206 3118 262 3181 sed
276 3117 437 3181 interdum
456 3115 554 3181 etiam
568 3139 608 3182 ea
629 3140 700 3202 quae
715 3139 733 3181 e
751 3115 913 3182 eontrario
933 3115 995 3179 diei
1013 3120 1174 3201 poterunt,
1190 3111 1253 3176 dis-

206 3234 376 3311 putentur:
399 3239 433 3291 et
446 3226 529 3290 hane
543 3249 612 3291 esse
634 3234 738 3291 artem
757 3225 940 3312 disputandi
955 3245 1019 3289 non
1039 3224 1252 3301 advertentes,

206 3336 361 3421 objiciunt
382 3336 412 3400 ei
434 3337 474 3400 de
495 3336 555 3401 hoo
577 3337 737 3423 dogmate,
754 3338 841 3422 quod
862 3335 953 3421 quasi
974 3334 1042 3417 ipse
1060 3332 1194 3399 senserit
1215 3353 1254 3397 ea

207 3468 278 3531 quaa
292 3468 332 3510 ex
351 3446 549 3511 adversantis
570 3466 707 3531 persona
726 3445 883 3510 disseruit.
929 3444 1074 3528 Denique
1092 3442 1177 3527 quod
1192 3441 1254 3505 dis-

207 3555 347 3621 ontiendi
360 3556 429 3621 haeo
444 3560 478 3619 et
494 3576 559 3619 non
573 3554 780 3620 confirmandi
800 3554 918 3618 dixerit
932 3574 1039 3630 eausa,
1055 3553 1122 3638 ipse
1144 3573 1201 3637 per
1215 3572 1254 3615 ea

207 3688 279 3753 qna
300 3673 374 3753 post
396 3673 573 3732 tractatum
593 3667 639 3730 rei
662 3665 760 3753 ipsius
774 3664 902 3749 adjeeit,
918 3662 1058 3728 ostendit
1076 3662 1137 3727 hoo
1158 3662 1254 3726 modo

207 3778 324 3843 dieens.

251 3891 417 3954 Oaresnm.
443 3886 536 3971 (Lib.
551 3886 578 3950 Ι.
608 3886 677 3969 περὶ
705 3884 806 3969 ἀρχῶν
835 3905 905 3970 cap.
922 3882 952 3948 8.
976 3882 1011 3945 in
1034 3881 1125 3965 fine.)
1155 3881 1255 3945 “Sed

208 4006 228 4036 ‘⁴
242 3998 320 4077 haeo,
336 4006 490 4083 quantum
512 3998 556 4061 ad
577 4018 636 4060 nos
655 3993 808 4080 pertinet,
830 4014 894 4058 non
917 3992 982 4059 sint
1004 3992 1175 4077 dogmata;
1199 3990 1256 4055 sed

208 4115 231 4148 “
246 4107 448 4175 disoussionis
460 4108 568 4195 gratia
582 4108 669 4174 diota
683 4106 759 4183 siut,
775 4113 809 4170 et
823 4104 1022 4190 abjioiantur.
1067 4102 1134 4167 Pro
1148 4123 1186 4165 eo
1201 4122 1257 4164 au-

208 4226 228 4257 “
243 4227 310 4284 tem
324 4219 391 4285 sola
411 4219 498 4283 diota
517 4224 602 4295 sunt,
617 4238 657 4283 ne
676 4216 824 4282 videatur
839 4213 975 4301 quoestio
994 4218 1084 4279 mota
1102 4232 1166 4276 non
1187 4230 1256 4274 esse

210 4337 230 4366 “
245 4329 417 4395 diseuaaa.”

523 4440 538 4469 ⁸
550 4439 613 4504 (sor.
626 4439 777 4490 rationabilia
787 4436 933 4499 animantia)
