3242 5150
382 404 447 468 414
675 401 927 480 RELIQUIAE
953 401 1129 465 SACRAE.

383 577 479 672 λίδα,
497 577 555 653 καὶ
571 573 691 654 πάντα
708 573 876 675 γενέσθω
898 573 974 652 κατ’
994 570 1106 672 αὐτὴν
1128 568 1429 675 ἀποφαινόμενος·

382 719 447 789 τοῦ
464 707 503 788 δὲ
519 714 593 787 τῶν
617 707 817 809 ἀνθρώπων
840 704 952 806 αὑτὴν
977 705 1231 809 ἀποκηρύττων
1253 708 1350 801 βίου,
1371 708 1433 784 καὶ

382 843 466 927 τοῦς
488 843 753 946 πρεσβεύοντας
783 839 894 941 αὐτὴν
921 840 1081 944 ἐλέγχων
1105 840 1326 941 ἀγνώμονας.
1357 845 1432 918 τῶν

383 986 472 1078 γοῦν
493 981 682 1076 ὑποθηκῶν
705 974 901 1080 ἀρχόμενος
919 977 1025 1078 λέγει·
1056 975 1293 1078 “”Ανθρανποι
1319 975 1433 1080 τύχης

383 1124 405 1161 “
418 1113 567 1192 εἴδωλον
590 1108 811 1208 ε’πλάσαντο,
834 1107 1023 1215 πρόφασιν
1045 1110 1137 1222 Ιἰδίης
1158 1111 1288 1210 ἀνοίης.
1319 1109 1456 1216 φύσει5

382 1259 405 1296 “
422 1248 494 1350 γὰρ
517 1249 539 1292 *
553 1246 679 1347 γνώμη
700 1245 793 1350 τύχη
809 1243 974 1348 μάχεται·
1005 1248 1064 1323 καὶ
1092 1241 1158 1342 τὴν
1184 1244 1355 1347 ἐχθίστην
1383 1250 1431 1346 τῇ

385 1392 406 1430 “
418 1379 603 1486 φρονήσει,
614 1378 774 1481 φταύτην
788 1376 897 1476 αῦτὴν
912 1377 1056 1482 ἔφασαν
1067 1385 1217 1480 κρατεῖν·
1235 1374 1430 1473 μᾶλλονδὲ

383 1527 405 1564 “
419 1519 477 1595 καὶ
495 1514 627 1614 ταύτην
644 1513 757 1615 ἄρδην
770 1514 1005 1615 ἀναιροῦντες,
1018 1515 1076 1590 καὶ
1090 1510 1331 1616 ἀφανίζοιπες,
1344 1511 1430 1590 ἐκεί-

385 1661 409 1698 “
426 1685 491 1749 νην
509 1653 804 1730 ἀντικαθιστάσιν
822 1649 940 1746 αῦτῆς.
970 1647 1011 1726 ού
1028 1644 1100 1748 γάρ
1118 1646 1247 1748 εάτυχῆ
1258 1642 1325 1742 τὴν
1338 1643 1429 1750 φρό-

384 1794 406 1832 “
424 1817 540 1883 νησιν,
551 1784 636 1862 ἀλλ’
651 1779 946 1888 ε’μφρονεστάτην
957 1782 1108 1879 ὑμνοῦσι
1126 1779 1192 1878 τὴν
1205 1778 1350 1882 τύχην.”
1378 1785 1430 1858 Oi
1441 1813 1477 1852 ιο

382 1917 447 2017 μὲν
465 1919 527 1996 οῦν
544 1924 615 1996 τῶν
633 1923 826 2022 βιωφελῶν
845 1915 959 2018 ἔργων
977 1912 1176 2012 ἐπιστάται,
1191 1920 1270 1996 ταῖς
1282 1912 1373 2015 πρὸς
1384 1914 1428 1993 τὸ

383 2048 571 2156 ὁμόφυλον
599 2051 810 2150 ἐπικουρίαις
840 2049 1073 2150 ἀγάλλονται,
1100 2048 1244 2127 ἐπαίνου
1274 2081 1313 2127 τε
1345 2047 1425 2149 ἀρέ-

382 2218 505 2284 γονται
518 2186 577 2261 καὶ
590 2182 714 2266 κλέους
729 2185 784 2287 ἐφ’
797 2181 848 2266 οἷς
869 2185 1008 2276 ῦαύτῶν
1021 2181 1300 2285 προκάμνουσιν,
1317 2187 1350 2261 oi
1362 2181 1429 2280 μὲν

382 2319 583 2423 τρέφοντες,
597 2322 629 2396 oi
647 2316 946 2420 δέκυβερνῶντες,
961 2322 993 2396 oi
1012 2319 1044 2394 δ’
1058 2317 1209 2414 ἰώμενοι,
1225 2321 1258 2396 oi
1272 2314 1309 2395 δὲ
1322 2327 1428 2396 πολιὰ

381 2452 572 2551 πενόμενοι·
603 2459 636 2532 οἱ
655 2452 697 2531 δέ
710 2487 752 2553 γε
772 2451 985 2559 φιλόσοφοι,
1005 2456 1064 2532 καὶ
1081 2450 1229 2558 σφόδρα
1252 2450 1428 2531 παιδεύειν
1440 2490 1451 2530 ι
1457 2487 1473 2546 5

381 2591 634 2694 ἐπιχειροῦντες
666 2588 873 2690 ἀνθρώπους
904 2585 1154 2692 φρυάττονται.
1199 2584 1255 2664 Ἢ
1285 2585 1423 2686 τολμή-

381 2755 514 2823 σουσιν
534 2725 743 2824 Ἐπίκουρος
768 2720 792 2820 ἢ
822 2719 1047 2822 Δημόκριτος
1069 2722 1254 2817 tiridatis·
1276 2720 1425 2825 ἀσχόλ-

381 2882 544 2940 divinarum
578 2880 723 2939 dominam
750 2881 878 2958 reginam
931 2888 950 2912 ‘⁴
965 2900 1031 2938 cum
1040 2880 1159 2938 alteram
1171 2879 1249 2937 illam
1261 2880 1426 2951 sufficiunt3

381 2963 571 3026 constituens,
596 2973 756 3037 oaetoraque
783 2960 880 3017 omnia
931 2968 952 2993 “
966 2980 1020 3019 nec
1053 2960 1130 3019 enim
1166 2960 1343 3017 fortunatam
1377 2960 1428 3019 isti

381 3041 444 3115 ejus
458 3041 577 3098 arbitrio
596 3040 658 3097 fieri
677 3040 878 3117 pronuntians,
931 3050 949 3073 ‘·
966 3039 1161 3117 prudentiam,
1171 3040 1222 3097 sed
1236 3038 1426 3118 prudentissi·
1438 3065 1476 3105 20

381 3118 502 3175 eandem
516 3130 613 3177 tamen
632 3120 669 3177 ab
689 3120 822 3176 humanae
836 3120 878 3178 vi-
930 3128 1042 3177 “mam
1081 3130 1189 3178 canunt
1224 3118 1427 3195 celebrantque

380 3208 419 3255 to
442 3199 614 3255 commercio
639 3198 739 3275 procul
763 3198 878 3275 ablega·
930 3210 950 3234 “
964 3201 1139 3258 fortunam.”
1189 3198 1282 3256 Porro
1309 3197 1427 3256 utilium

380 3287 436 3341 ret,
451 3276 559 3354 quique
576 3276 656 3334 illam
678 3275 816 3343 colerent.
834 3277 878 3335 in·
929 3280 997 3338 vita
1017 3300 1136 3355 operum
1156 3277 1352 3337 moderatores
1363 3297 1426 3335 om.

380 3355 474 3414 aulsos
496 3376 558 3414 ease
580 3356 773 3413 convinceret.
803 3356 880 3415 Sane
929 3380 990 3429 nea,
1005 3360 1136 3417 navanda
1150 3359 1209 3417 auis
1226 3378 1314 3437 opera
1334 3358 1425 3414 maxi-

380 3435 496 3512 quidem
518 3436 641 3515 ipsomet
660 3435 879 3494 institutionum
930 3460 976 3498 me
1019 3439 1209 3504 delectantur,
1253 3436 1427 3513 laudemque
1438 3460 1474 3521 ²5

380 3536 497 3574 auarum
516 3516 646 3587 exordio,
666 3515 707 3574 sic
727 3514 877 3592 loquitur:
929 3520 1015 3577 simul
1030 3530 1060 3577 et
1070 3518 1188 3597 gloriam
1201 3537 1266 3576 cum
1281 3516 1427 3575 laboribus

382 3607 400 3629 ·‘
416 3598 587 3664 Hominea,”
628 3596 734 3675 inquit,
774 3597 878 3655 “dum
929 3598 989 3657 suia
1008 3619 1061 3677 pro
1083 3598 1228 3657 communi
1249 3596 1342 3655 salute
1363 3615 1426 3654 sua.

381 3685 400 3708 “
414 3678 546 3736 stultitiae
567 3698 627 3737 auae
648 3675 746 3736 velum
767 3697 877 3754 quaere-
929 3678 1020 3755 ceptis
1035 3677 1213 3755 compensari
1230 3676 1353 3735 volunt:
1376 3675 1426 3732 alii

381 3763 401 3787 “
416 3769 491 3827 rent,
514 3778 621 3815 vanum
644 3758 769 3814 fortuna
790 3758 878 3814 simu·
928 3758 1044 3834 quidem
1073 3757 1186 3822 alendo,
1210 3755 1338 3833 regendo
1365 3754 1425 3821 alii,

381 3833 523 3893 “lacrum
545 3839 710 3894 linxerunt:
753 3839 877 3914 (pugnat
928 3836 977 3894 alii
1006 3837 1159 3904 medendo,
1187 3836 1236 3894 alii
1269 3833 1425 3914 rempubli·
1436 3852 1475 3908 30

381 3921 401 3946 “
416 3915 493 3972 euim
507 3927 610 3993 suapte
625 3927 728 3972 natura
742 3935 807 3973 cum
820 3916 876 3972 for·
928 3936 989 3975 cam
1025 3917 1170 3994 gerendo:
1211 3916 1324 3994 ipsiquo
1354 3914 1426 3972 adeo

380 4004 398 4026 “
414 4005 485 4052 tuna
508 3995 684 4067 consilium)
714 3995 875 4053 inimicissi·
928 3995 1091 4074 philosophi
1117 4015 1170 4055 suo
1187 3995 1245 4068 ¹illo
1269 3995 1424 4053 instituen-

380 4081 398 4107 “
413 4093 547 4151 mamque
558 4074 721 4152 prudentiae
735 4075 876 4133 dominari
928 4076 1030 4133 dorum
1042 4076 1192 4134 hominum
1204 4086 1309 4133 conatu
1319 4096 1352 4133 ac
1362 4084 1425 4132 atu.

380 4163 398 4187 “
414 4154 590 4222 voluerunt;
630 4154 744 4213 tametsi
778 4155 877 4233 potius
928 4156 976 4213 dio
998 4156 1135 4232 majorem
1161 4158 1192 4213 in
1215 4155 1335 4212 modum
1357 4154 1426 4213 effe-

380 4234 466 4292 “bae
487 4234 573 4293 etiam
596 4236 789 4293 exterminata
806 4234 877 4291 fun·
928 4247 1042 4294 ruutur.
1099 4235 1315 4294 Audebunt-ne
1357 4252 1473 4313 vero35

378 4323 397 4348 “
412 4313 549 4392 ditusque
568 4314 691 4382 sublata,
706 4314 770 4390 ejus
786 4313 816 4370 in
832 4313 874 4371 lo·
929 4314 1076 4393 Epicurus
1085 4326 1115 4373 et
1127 4315 1311 4373 Democritus
1320 4313 1425 4379 dicere,

442 4437 458 4466 ¹
470 4436 525 4484 For.
536 4434 618 4497 γνύμη
629 4432 700 4496 τύχη.
846 4440 864 4493 †
878 4435 933 4482 For.
945 4432 1040 4492 ταύτης.
1194 4434 1275 4490 1For.
1287 4432 1362 4481 abrai.
