3242 5150
376 389 441 450 282
620 386 893 451 CONClLIUM
919 385 1180 452 ROMANUM.

378 559 469 628 Tunc
490 557 554 623 duo
579 558 717 643 episcopi
740 558 784 622 ad
809 557 956 622 Africam
980 557 1166 622 missisunt
1194 557 1369 621 Eunomius
1393 563 1430 622 et

378 668 551 753 Olympius.
597 669 772 745 Venerunt,
795 675 830 732 et
853 668 939 753 apud
965 667 1193 753 Carthaginem
1218 668 1347 732 luerunt
1371 689 1431 754 per

378 777 446 842 dies
474 778 697 864 quadraginta,
728 786 765 843 ut
793 779 1042 863 pronunciarent
1068 777 1122 842 ubi
1148 785 1233 843 esset
1262 778 1429 844 catholica.

380 886 453 951 Hoc
475 887 627 952 seditiosa
648 909 724 972 pars
747 888 869 952 Donati
885 889 954 952 lieri
974 910 1069 972 passa
1091 898 1237 954 nonest:
1259 890 1300 954 do
1322 889 1430 954 studio

379 998 519 1082 partium
542 997 696 1083 strepitus
717 999 895 1083 quotidiani
918 1006 993 1063 sunt
1019 999 1140 1063 habiti:
1166 999 1336 1063 novissima
1360 1021 1431 1064 sen-

379 1109 483 1173 tentia
508 1109 690 1173 eorumdem
714 1110 934 1195 episcoporum
958 1110 1105 1174 Eunomii
1133 1119 1167 1176 et
1194 1109 1331 1195 Olympii
1355 1110 1432 1175 talis

380 1218 515 1304 legitur3
538 1227 561 1258 ‘⁴
573 1227 609 1284 ut
633 1220 775 1285 dicerent
795 1220 882 1284 illam
897 1243 967 1285 esse
986 1221 1188 1299 catholicam,
1204 1243 1274 1306 quae
1292 1229 1376 1286 esset
1397 1220 1432 1284 in

382 1337 403 1368 “
418 1337 489 1393 toto
504 1331 581 1394 orbe
595 1339 755 1395 terrarum
774 1329 907 1403 diffusas
932 1338 966 1394 et
986 1331 1176 1396 sententiam
1193 1332 1301 1396 decem
1322 1339 1356 1396 et
1375 1354 1432 1395 no-

382 1450 402 1479 “
419 1462 487 1505 vem
503 1441 722 1526 episcoporum
738 1441 927 1526 jamdudum
941 1441 1061 1518 datam,
1077 1441 1204 1505 dissolvi
1228 1463 1290 1505 non
1311 1442 1432 1526 posse!⁸

382 1551 436 1616 Sic
450 1552 763 1616 communicaverunt
777 1550 861 1614 clero
876 1549 1048 1628 Caeciliani,
1063 1558 1097 1615 et
1115 1551 1232 1615 reversi
1252 1560 1336 1616 sunt.
1381 1551 1433 1616 De

382 1662 421 1730 iis
436 1664 531 1727 robus
546 1662 699 1726 habemus
713 1661 874 1725 volumina
888 1671 1044 1736 actorum,
1059 1661 1144 1745 quod
1159 1660 1185 1724 si
1201 1660 1271 1745 quis
1286 1660 1433 1738 volucrit,
1488 1643 1489 1646 Ἴ

382 1772 416 1839 in
439 1772 616 1836 novissimis
640 1771 784 1856 partibus
807 1770 903 1856 legat.
949 1770 1029 1835 Cum
1051 1769 1119 1834 haec
1140 1769 1262 1846 fierent,
1285 1770 1434 1834 Donatus

383 1879 468 1944 ultro
483 1879 571 1964 prior
584 1880 627 1943 ad
641 1878 872 1964 Carthaginem
887 1879 980 1944 redit.
1027 1879 1099 1942 Hoc
1114 1879 1234 1954 audito,
1247 1878 1434 1943 Caecilianus

384 1990 427 2054 ad
457 2010 547 2052 suam
577 1989 700 2073 plebem
731 1989 923 2074 properavit.
970 1991 1043 2054 Hoc
1074 1990 1168 2052 modo
1196 1989 1312 2052 iterum
1341 2009 1434 2052 reno·

384 2099 508 2164 vellatae
524 2108 599 2163 sunt
615 2107 733 2184 partes.
780 2101 916 2165 Constat
932 2108 1039 2164 tamen
1055 2107 1089 2164 et
1107 2101 1273 2164 Donatum
1292 2106 1344 2164 tot
1365 2119 1433 2162 san-

385 2210 496 2274 tontiis
511 2231 580 2274 esse
594 2231 790 2294 percussum,
805 2218 839 2274 et
859 2210 1063 2274 Caecilianum
1081 2209 1279 2273 innocentem
1298 2207 1436 2272 totidem

385 2319 553 2385 sententiis
568 2321 823 2406 pronunciatum.

383 2485 390 2494 .
431 2432 495 2497 Sed
518 2433 593 2517 quia
611 2431 643 2495 in
665 2431 735 2517 ipsa
756 2454 854 2498 caum
870 2433 1061 2518 jamdudum
1082 2431 1115 2495 in
1130 2428 1287 2494 catholica
1302 2428 1436 2492 duorum

386 2545 577 2610 videbantur
598 2545 744 2609 laborare
771 2567 924 2631 personae,
948 2551 981 2609 et
1007 2541 1145 2608 ordinati
1168 2550 1203 2608 et
1226 2539 1436 2606 ordinatoris:

388 2664 558 2741 postquam
581 2657 748 2721 ordinatus
769 2657 802 2720 in
825 2656 903 2720 urbe
928 2665 1084 2741 purgatus
1109 2662 1170 2732 est,
1194 2662 1227 2719 et
1253 2653 1438 2738 purgandus

387 2768 493 2832 adhuc
506 2775 703 2832 consenserat
718 2766 892 2831 ordinator.
938 2765 1027 2829 Tunc
1045 2764 1274 2829 Constantinus
1294 2764 1336 2827 ad
1357 2761 1438 2827 AEli-

388 2900 486 2942 auum
502 2878 727 2941 Proconsulem
746 2878 882 2963 scripsit,
898 2888 934 2941 ut
954 2876 1085 2940 remotis
1105 2875 1346 2940 necessitatibus
1360 2875 1438 2960 puh-

390 2989 470 3064 licis,
481 2989 520 3051 de
532 2990 597 3052 vita
608 2988 723 3052 Felicis
731 2988 981 3053 *Autumnitani
991 2987 1115 3071 publice
1127 2993 1331 3071 quareretur.
1348 2985 1440 3050 Sedit

390 3098 418 3160 is
440 3096 490 3159 cui
512 3104 583 3160 erat
605 3096 768 3159 indictum.
816 3096 944 3161 Inducti
967 3106 1041 3161 sunt
1066 3096 1219 3161 Claudius
1240 3095 1438 3171 Saturianus,

391 3216 523 3272 curator
541 3206 746 3290 Reipublitae,
762 3206 816 3290 qni
835 3207 895 3271 luit
915 3215 1059 3293 tempore
1073 3207 1301 3293 persecutionis
1320 3207 1352 3269 in
1367 3206 1440 3271 civi-

391 3322 460 3380 tate
485 3311 610 3388 Felicis,
634 3320 668 3377 et
687 3321 818 3378 curator
841 3316 1008 3399 praesentis
1032 3323 1109 3379 tunc
1132 3315 1285 3400 temporis
1311 3314 1440 3399 quando

392 3445 490 3489 causa
523 3421 739 3507 flagitabatur.
770 3423 922 3488 Callidius
951 3426 1135 3501 Gratianus,
1165 3438 1198 3490 et
1235 3425 1441 3509 magistratus

393 3531 499 3597 Alfius
520 3532 719 3607 Caecilianus,
735 3533 791 3597 sed
811 3546 843 3598 et
863 3532 1014 3619 Superius
1033 3534 1240 3600 stationarius
1259 3534 1440 3619 perductus,

394 3649 427 3705 et
449 3642 616 3727 Ingentius
635 3644 740 3707 scriba
759 3643 903 3729 publicus
923 3645 1074 3729 pependit
1090 3645 1148 3708 sub
1171 3653 1257 3708 metu
1278 3642 1442 3706 imminen-

394 3749 475 3813 tium
490 3758 732 3816 tormentorum.
769 3752 942 3837 Responsis
958 3754 1097 3817 omnium
1114 3754 1190 3817 nihil
1205 3754 1269 3818 tale
1280 3752 1443 3816 inventum

395 3870 444 3925 est
459 3860 492 3924 iu
506 3861 573 3925 vita
594 3862 708 3927 Felicis
727 3864 877 3949 episcopi,
893 3872 1024 3950 propter
1041 3866 1123 3949 quod
1140 3865 1287 3928 ordinare
1308 3884 1370 3925 non
1386 3884 1441 3947 po-

395 3970 520 4035 tuisset.
566 3972 717 4037 Habetur
741 3974 885 4039 volumen
911 3983 1068 4050 aetorum,
1095 3974 1128 4037 in
1153 3995 1216 4058 quo
1242 3972 1444 4036 continentur

396 4082 600 4163 praesontium
616 4082 755 4159 nomina,
771 4084 824 4167 qui
842 4084 968 4148 inerant
986 4084 1017 4147 in
1034 4106 1130 4161 causa
1145 4084 1267 4149 Claudii
1284 4078 1443 4145 Saturiani

395 4190 562 4265 curatoris,
579 4200 612 4255 et
634 4191 794 4256 ceciliani
818 4194 1036 4278 magistratus,
1057 4201 1090 4259 et
1111 4194 1232 4279 Superii
1256 4190 1443 4265 stationarii,

693 4355 707 4382 ⁸⁸
719 4353 903 4418 (Aptungitaut
916 4356 1035 4404 vidiulra
1046 4372 1069 4418 p.
1080 4354 1147 4419 286.)
