3242 5150
322 369 374 433 IN
401 369 653 434 ANCYRANI
679 371 897 435 CONCILII
921 371 1150 435 CANONES.
1196 371 1260 436 163

209 539 375 604 ι’ττιττιινλιίο.
411 540 649 621 Χειμαζομένους
663 545 695 606 δέ
711 543 778 610 τοὺς
792 548 993 621 δαιμονῶντας
1012 543 1107 624 λέγει,
1123 545 1163 610 ὥς
1182 569 1261 610 τινες

210 645 318 724 φασὶν,
337 641 498 707 Sebolium
521 651 571 707 est
592 644 635 707 ad
658 643 889 729 Harmenopuli
908 645 1067 708 Coronam
1088 644 1259 729 Epitomoa.

210 743 424 830 Similiterque
439 746 479 810 de
494 746 696 812 daemoniaeis
711 753 886 812 annotator
899 747 1032 811 Graeeus
1042 747 1084 810 ad
1094 745 1261 812 Pedob'um

210 867 317 910 vocem
337 848 494 932 exposuit,
508 849 677 934 appellatis
698 848 853 934 Dionysio
869 848 1071 932 Areopagita
1084 857 1118 912 et
1134 849 1258 913 Consti-

209 947 387 1013 tutionibus
403 949 607 1034 Apostolicis.
638 951 784 1037 Denique
798 958 890 1015 extat
905 950 938 1014 in
953 950 1134 1036 Ευολοίορὶο
1153 951 1262 1016 Groeoo

210 1049 325 1116 Jaoobi
348 1051 457 1126 Goari,
480 1051 661 1118 Ἀκολουθία
685 1056 728 1120 εἶς
751 1052 942 1134 παράκλησιν
964 1055 1102 1118 ἀσθενῶν
1124 1055 1261 1137 χειμαζο-

210 1150 310 1232 μένων
332 1153 391 1218 ὑπὸ
416 1154 591 1234 πνευμάτων
617 1154 792 1235 ἀκαθάρτων
816 1155 864 1219 καί
887 1157 1116 1236 ἐπηρεαζόντων.
1143 1175 1261 1241 p.724.

210 1253 359 1320 Ceterum
374 1255 514 1321 obsessio
528 1256 681 1321 daemonis
695 1264 792 1341 atque
807 1256 897 1342 lepra
912 1257 945 1320 in
959 1256 1116 1322 Gallicani
1134 1279 1261 1343 quoque

211 1357 355 1424 Aetionis
370 1358 464 1423 simul
477 1367 783 1424 commemorantur:
810 1358 1040 1443 “Quicumque
1056 1358 1261 1434 eradebat?

209 1459 309 1526 refert
322 1483 362 1525 ex
376 1461 487 1526 iisdem
502 1461 660 1526 Batonius
671 1460 785 1525 Aaaal.
796 1469 873 1526 tom.
884 1461 925 1525 iv.
940 1483 994 1525 an.
1004 1464 1081 1544 362.
1099 1470 1118 1498 “
1129 1469 1166 1526 ut
1177 1485 1259 1546 prae·

210 1563 307 1628 “dile
330 1563 379 1628 vel
403 1564 560 1643 domibus,
585 1586 756 1649 egenorum
780 1563 947 1638 reditibus,
968 1562 1092 1628 fiscales
1116 1563 1261 1650 affigeret

210 1673 232 1706 “
247 1665 368 1743 titulos,
391 1667 440 1731 vel
462 1668 604 1753 exigeret
622 1667 801 1752 pensiones,
825 1666 1039 1752 arripiebatur
1060 1689 1081 1731 a
1103 1667 1259 1744 daemone,

211 1774 233 1808 “
247 1765 297 1830 vel
311 1787 477 1852 percussus
492 1766 580 1853 lepra
595 1789 613 1830 ο
628 1767 762 1852 vestigio
776 1767 974 1832 recedebat.”
990 1789 1020 1852 p.
1033 1772 1086 1851 98.

571 1954 732 2018 CANON
758 1953 899 2018 XVIII.

254 2075 293 2137 P.
309 2093 376 2152 124.
396 2072 458 2136 l.2.
483 2074 523 2153 μὴ
547 2071 719 2157 δεχθέντες]
746 2071 896 2138 Βαίειιωο
918 2073 952 2137 in
975 2075 1132 2138 Commeat.
1152 2072 1191 2138 ‘O
1213 2072 1259 2137 ιδ’.
1330 2149 1333 2156 Ι

209 2176 308 2240 rauba
322 2180 381 2238 τῶν
395 2177 489 2257 ἁγίων
503 2177 684 2240 ἀποστόλων
699 2176 747 2239 καὶ
762 2178 779 2240 ὁ
795 2172 841 2239 ιε’.
858 2176 906 2239 καί
926 2174 1016 2249 θλς’.
1032 2177 1115 2241 ἀλλὰ
1133 2176 1192 2256 μὴν
1212 2177 1261 2239 καὶ

208 2279 227 2339 ό
247 2275 298 2354 ιζ’.
322 2277 370 2342 καὶ
385 2278 401 2340 ό
418 2275 466 2357 ιη’.
486 2279 584 2342 κανὼν
607 2282 658 2357 τῆς
679 2280 713 2342 ἐν
726 2276 897 2363 Ἀντιοχείᾳ
918 2281 1054 2355 συνόδου,
1074 2278 1178 2342 πολλά
1194 2303 1262 2342 τινα

208 2377 451 2457 διαλαμβάνουσι
475 2380 543 2460 περὶ
565 2384 624 2442 τῶν
648 2378 922 2462 χειροτονουμένων
947 2382 1129 2457 ἐπισκόπων,
1150 2380 1260 2460 καὶμὴ

210 2479 381 2564 δεχομένων
396 2479 454 2544 ὑπὸ
468 2486 527 2544 τῶν
541 2487 700 2562 παροικιῶν
715 2481 824 2558 αὐτῶν,
841 2481 889 2544 καὶ
903 2482 1055 2564 ἀνάγνωθι
1067 2484 1196 2548 τούτους.

253 2582 334 2647 Ibid.
358 2581 379 2647 l.
406 2603 450 2647 ιι.
485 2585 688 2668 ἐκκηρύττους]
719 2584 985 2649 ΒαΙεαωοτ-καὶ
1009 2585 1148 2666 γίνεσθαι
1177 2582 1261 2660 ἐκτή-

208 2709 324 2767 ρυκτον,
339 2684 380 2764 μὴ
395 2684 504 2772 νοήσῃς
518 2685 765 2766 ἐκλαμβάνεσθαι
780 2689 822 2753 είς
837 2688 1019 2767 καθαίρεσιν,
1031 2684 1101 2749 ἀλλ’
1114 2688 1156 2752 είς
1166 2688 1261 2765 μόνην

209 2790 380 2853 ὑπόστασιν
394 2792 446 2866 τῆς
460 2791 543 2867 τιμῆς
556 2790 671 2861 τούτου,
687 2788 780 2870 ἤγουν
797 2789 866 2851 otte
878 2791 953 2867 μετὰ
968 2794 1028 2851 τῶν
1046 2785 1261 2869 πρεσβυτέρων

211 2894 356 2969 καθῆσθαι
370 2889 593 2969 άξιωθήοονται.
640 2890 747 2955 Aliter
760 2890 992 2975 interpretatus
1006 2887 1150 2950 Zonaras
1167 2892 1260 2949 est-

210 2994 258 3059 καί
275 2996 413 3075 γίνεσθαι
430 2993 629 3073 ἐκκηρύττους,
642 2992 776 3058 τουτέστι
788 2994 837 3058 καὶ
847 2996 900 3071 τῆς
911 2990 1070 3067 ἐκκλησίας
1085 2988 1258 3053 ἐκπτότους.

211 3094 385 3180 Perieopen
413 3094 558 3159 similiter
585 3117 623 3159 ao
653 3096 798 3160 Zonaras
833 3099 997 3180 exponunt
1026 3089 1197 3154 Aristenns
1226 3095 1261 3152 et

210 3198 384 3264 Blastares.
429 3196 525 3262 Unde
540 3197 658 3273 forsan,
676 3199 760 3283 quod
778 3198 866 3283 prins
882 3201 1090 3270 memoratur,
1104 3192 1138 3255 τὸ
1155 3193 1261 3274 ἀφορί.

209 3300 426 3379 ζεσθαιίοτίοτ
434 3300 718 3366 excommunicatio
728 3307 822 3377 esset,
832 3299 990 3365 scribente
1000 3296 1111 3361 eodem
1120 3295 1260 3371 Zonara,

209 3404 264 3467 eod
289 3402 390 3467 lenius
415 3402 559 3476 sortasse,
590 3403 711 3469 τούτους
736 3405 753 3467 ὁ
785 3403 883 3466 κανὼν
906 3398 1104 3481 ἀφορίζεσθαι
1132 3396 1259 3469 κελεύει,

210 3506 287 3571 ὥστε
300 3505 341 3585 μὴ
356 3510 554 3585 συντιμῖιαθαι
568 3511 631 3571 τοῖς
646 3506 829 3571 ἐπισκόποις.
875 3504 988 3585 Atque
999 3498 1047 3562 ita
1061 3495 1177 3561 seditio
1187 3516 1261 3559 eou-

209 3615 261 3671 tra
276 3606 391 3692 prioris
405 3606 551 3691 paroeoioe
567 3606 749 3691 episcopum
763 3604 878 3691 majori
893 3623 991 3690 poena
1004 3600 1056 3664 hie
1071 3598 1259 3674 vindicatur,

209 3706 317 3773 ablato
332 3728 458 3792 quoque
472 3708 683 3793 presbyterali
696 3709 827 3772 honore.

575 3874 742 3940 'OANON
766 3874 872 3938 XIX.

230 4014 233 4019 ’
253 4009 337 4073 Ibid.
352 4009 373 4074 l.
387 4030 436 4095 13.
454 4008 548 4075 Ὀσοι
570 4011 734 4091 παρθενίαν
751 4008 824 4095 δια]
840 4007 976 4070 Zonarae
999 4004 1258 4068 Commentarios:

210 4112 250 4174 Oi
263 4114 456 4193 παρθενεύειν
472 4113 730 4194 ἐπαγγελλόμενοι
752 4109 807 4194 κᾷν
825 4111 930 4191 ἀνδρες
949 4108 1021 4185 εἶεν,
1038 4106 1093 4191 κᾷν
1112 4112 1259 4189 γυναῖκες,

210 4214 382 4282 ἀθετοῦντες
400 4217 452 4281 τὰς
475 4215 679 4296 ἐπαγγελλίας
698 4214 802 4290 αὐτῶν,
826 4215 866 4298 τῷ
891 4213 1024 4296 ἐπιτιμίῳ
1045 4216 1104 4272 τῶν
1128 4208 1260 4291 διγάμων

210 4315 502 4396 ὑποβαλλέσθωσαν.
523 4317 594 4398 όρον
615 4320 673 4398 γὰρ
696 4315 749 4379 τὸν
770 4316 863 4378 τύπον
885 4314 933 4376 καὶ
955 4312 1009 4375 τὸν
1031 4312 1143 4374 κανόνα
1162 4308 1258 4390 λέγει,

715 4441 736 4479 u
753 4438 770 4481 2
