3242 5150
165 419 174 430 '
236 411 286 474 IN
312 412 343 474 S.
364 407 583 474 DIONYSII
608 409 881 472 NICE'l'IANA
901 408 1176 473 EXCERPTA.
1200 410 1260 471 451

212 602 294 643 anne
309 582 530 664 exponendum
545 585 605 654 est,
615 579 673 658 πρὸ
688 583 739 640 rod
753 577 851 656 Ἀδὰμ
863 579 1068 656 άπατηθεῖσαέ
1090 577 1175 641 Olim
1191 601 1265 643 eon·

208 680 270 772 jeei
285 681 483 744 seribendnm
500 703 569 744 esse
583 682 602 758 ἡ
616 681 689 761 πρὸς
703 680 801 752 αὐτοῦ,
818 700 886 762 quoe
899 677 938 741 αθ
951 678 1007 741 illo
1014 681 1156 762 prosecta
1169 691 1219 743 est.

255 783 294 844 P.
307 803 381 860 441.
398 783 417 845 l.
429 799 459 866 5.
482 784 567 848 οὗτος
589 781 679 862 γέρας
699 785 804 844 τοῦτον
827 782 876 843 καὶ
898 781 994 843 ἆθλον
1014 779 1181 864 λαμβάνει]
1203 781 1265 844 Re·

212 884 279 966 cepi
296 884 355 946 hoe
370 907 409 947 ex
430 885 541 947 eodem
556 883 618 947 eod.
634 901 702 966 195.
719 882 935 946 consentiente
958 880 1097 944 Versiene
1113 882 1261 946 Omniteli.

213 985 323 1069 Vulgo,
335 985 518 1066 οὖτοςγάρας
533 987 643 1048 τούτων
654 985 700 1047 καὶ
716 986 817 1047 ἄθλων
831 992 861 1045 λ.
885 981 953 1045 Ubi
969 1003 1028 1067 pro
1039 1003 1078 1046 eo
1093 981 1262 1066 legendum

210 1086 257 1149 ait
272 1088 295 1148 J
298 1087 389 1150 unius
404 1090 479 1149 οὕτω
493 1087 583 1168 γέρας
597 1090 683 1147 τοῦτο
699 1085 747 1146 καὶ
764 1087 859 1146 ἆθλον
873 1090 904 1146 λ.

255 1187 337 1252 Ibid.
354 1189 373 1251 l.
387 1207 415 1269 7.
432 1188 521 1267 παίξῃ
537 1189 568 1251 δέ
587 1185 678 1269 αὐτῷ]
702 1184 900 1248 Particulam
923 1188 958 1248 ἐν
978 1183 1069 1246 omisi
1089 1190 1165 1248 ante
1188 1184 1264 1268 αὐτῷ

210 1289 356 1371 positam,
373 1290 497 1353 codices
511 1289 646 1373 scriptos
660 1309 769 1351 omnes
790 1294 929 1359 secutus,
948 1307 1082 1369 eamque
1101 1285 1263 1348 addidisse

210 1389 336 1452 videtur
359 1389 476 1452 Junius
501 1412 541 1453 ex
567 1392 643 1456 edit.
670 1397 729 1454 τῶν
754 1389 788 1453 o'.
824 1389 979 1452 Romana.
1025 1387 1136 1450 Habet
1160 1387 1262 1450 eodex

213 1491 306 1554 Alex.
323 1493 534 1570 καένέμπαάξεις
548 1494 635 1577 αὐτῷ.
675 1491 827 1556 Ceterum
848 1489 1020 1573 Dionysius
1042 1489 1082 1551 de
1105 1489 1144 1573 τῷ
1167 1487 1262 1551 behe-

210 1594 300 1656 moth
312 1600 466 1677 tanquam
480 1595 668 1658 affirmative
683 1594 771 1658 diota
785 1593 855 1656 haeo
869 1590 1038 1666 intellexit,
1049 1590 1110 1655 etsi
1123 1611 1181 1674 per
1193 1611 1261 1652 ero

211 1695 291 1759 teein
311 1696 426 1780 exponi
438 1696 553 1773 solent,
570 1697 651 1760 sieut
667 1705 774 1760 cetera
784 1694 882 1780 juxta
895 1692 1011 1779 posita.
1044 1691 1116 1754 Vid.
1135 1689 1205 1754 Jot.
1219 1690 1260 1757 xl.

213 1816 261 1861 20.
279 1799 335 1861 &e

708 1981 755 2044 11.

254 2100 290 2162 P.
300 2120 375 2180 441.
392 2099 412 2162 l.
427 2119 476 2178 14.
494 2099 579 2166 Εἶδες
594 2101 643 2163 οἶα
656 2100 723 2182 περὶ
735 2103 818 2164 Θεοῦ
827 2098 900 2181 dre]
919 2097 1023 2162 Extat
1034 2097 1259 2181 fragmentum,

209 2201 292 2284 quod
315 2200 467 2284 sequitur,
491 2201 523 2264 in
539 2201 671 2286 oepvii.
694 2201 815 2264 Oetenae
837 2200 1011 2263 Nicetiana
1025 2220 1098 2282 pag.
1112 2216 1183 2261 ιιι.
1204 2196 1259 2259 ubi

209 2302 354 2384 Dionysii
368 2323 483 2366 nomen
497 2303 682 2388 simpliciter
695 2303 835 2389 positum
850 2309 913 2377 est,
928 2303 1010 2367 aient
1022 2302 1053 2365 in
1069 2299 1165 2364 tribio
1173 2299 1259 2363 codd.

209 2403 346 2468 MSStie
354 2405 543 2481 Bodleionie,
556 2405 609 2490 qni
624 2425 697 2482 201,
708 2411 741 2468 et
755 2405 824 2484 178,
836 2410 870 2468 et
883 2404 953 2483 176.
965 2399 1083 2485 signati
1095 2405 1181 2474 sunt,
1191 2397 1260 2460 nul-

209 2501 274 2564 lum
290 2525 403 2566 nomen
419 2506 673 2592 Interpretotione
691 2504 829 2568 Comitoli
843 2503 994 2567 habente.
1027 2499 1090 2563 Sed
1105 2521 1165 2584 ope
1180 2499 1261 2562 eodi-

208 2627 275 2669 ewm
290 2627 360 2692 195.
376 2614 409 2671 et
421 2623 493 2693 751.
510 2610 664 2693 Dionysio
675 2608 896 2673 Alexandrino
907 2603 1144 2670 haeevindioare
1158 2602 1259 2687 potui.

210 2706 301 2771 Nune
331 2729 454 2792 quoque
483 2710 516 2773 id
542 2711 649 2775 firmat
678 2712 791 2774 θαισιια
815 2710 891 2772 MS.
918 2707 954 2770 ιἰι
976 2703 1096 2780 Jobnm,
1122 2725 1194 2789 quae
1218 2726 1259 2767 ex

208 2808 400 2873 bibliotheeo
415 2810 615 2877 Meermanni
631 2812 779 2878 transiit
770 2834 803 2875 m
818 2832 932 2875 meam.

254 2911 337 2974 lbid.
355 2910 375 2974 l.
394 2930 440 2996 15.
457 2915 644 3001 ἐπιθειάσας]
663 2915 735 2978 Ηοα
749 2936 809 3000 pro
825 2911 1029 2991 ἐπιθαυμάσας
1048 2932 1088 2973 ex
1109 2851 1260 2972 ααάάαίθιιι

208 3012 297 3095 posui
316 3011 451 3076 omnibus
466 3023 584 3099 praeter
603 3039 700 3080 unum
722 3019 791 3099 176.
807 3038 847 3079 ex
866 3036 929 3099 quo
950 3011 1069 3076 Junius
1091 3009 1258 3074 leetionem

208 3134 297 3177 suom
309 3114 478 3198 sumpsisse
489 3116 667 3192 videtum
658 3142 686 3183 ia
696 3126 804 3184 tamen
820 3116 957 3202 signavit
971 3114 1013 3179 ad
1022 3112 1198 3197 marginem
1210 3111 1255 3175 al-

207 3220 310 3278 teram
330 3216 510 3283 ἐπιθειάσας.
557 3220 643 3285 Hine
664 3228 782 3298 antem,
799 3230 834 3285 et
855 3242 895 3284 ex
917 3218 986 3282 aliis
1008 3216 1094 3294 loeis,
1109 3214 1154 3289 id,
1171 3213 1256 3298 quod

207 3338 303 3401 supra
333 3318 495 3397 admonui,
523 3321 668 3388 mihimet
697 3323 819 3408 collegi,
846 3343 939 3386 usum
969 3342 1038 3384 esse
1067 3318 1165 3382 etiam
1195 3316 1257 3379 hoo

206 3418 313 3482 codiee
328 3419 365 3482 ol.
381 3420 546 3486 editorem.
577 3424 735 3491 Nostmm
750 3448 825 3490 vero
840 3424 1012 3489 ἐπιθειάσας
1023 3420 1143 3485 invenit
1153 3419 1258 3484 comi-

206 3520 302 3596 tolus‚
323 3521 377 3604 qui
399 3523 502 3587 locum
524 3526 686 3612 eleganter
709 3528 753 3591 sie
776 3528 885 3603 vertit,
899 3526 954 3611 qui
967 3546 1035 3588 eum
1056 3522 1169 3605 saepius
1191 3541 1257 3583 eam

205 3622 240 3685 ιἰι
253 3623 381 3708 mamillis
395 3624 481 3690 redae
495 3627 641 3714 religiosa
655 3638 763 3694 mente
774 3638 943 3693 veneratus
958 3633 1053 3703 esset,
1066 3635 1129 3689 tem
1141 3622 1257 3687 tibiam

206 3723 297 3787 hodo
325 3726 483 3804 mediat,
514 3732 686 3794 enmnmtim
713 3752 795 3794 ιιιιιια
826 3739 935 3795 enada
963 3726 1140 3814 cmm,
1165 3725 1257 3788 debet.

207 3828 307 3890 Haud
333 3828 456 3894 interea
478 3830 574 3896 πάλαι
600 3854 670 3895 eum
701 3833 786 3897 codd.
810 3852 884 3897 201.
909 3839 943 3897 et
973 3835 1043 3914 178.
1074 3850 1133 3915 pro
1163 3828 1255 3891 πάλιν

206 3927 404 3993 scribendum
420 3940 477 3995 est.

250 4030 289 4092 Ρ·
301 4051 377 4110 442·
393 4032 413 4096 l·
428 4054 456 4101 2.
474 4035 580 4116 Μάγας
597 4040 718 4122 Κύριος]
737 4040 844 4119 Μάγας
859 4041 875 4101 ὁ
892 4044 928 4101 K.
945 4044 1064 4123 praeter
1078 4034 1174 4098 fidem
1191 4055 1252 4097 om-

205 4131 292 4194 niwm
314 4132 435 4199 Nicetes
456 4138 590 4201 codicum
605 4140 843 4204 Bodleioeomm
863 4140 964 4205 edidit
978 4140 1001 4202 J
1003 4138 1105 4203 unius.
1143 4135 1254 4199 Delevi

206 4248 281 4317 ergo
303 4235 482 4313 articulum,
503 4261 595 4323 quern
618 4263 720 4325 neque
742 4243 811 4306 eod.
839 4243 934 4307 Alex.
958 4248 1017 4304 τῶν
1040 4238 1075 4301 o‘.
1097 4236 1254 4323 agnoseit,

206 4356 307 4419 neque
330 4337 460 4404 exhibet
481 4340 590 4407 similis
612 4342 644 4407 S.
657 4345 831 4430 Seripturae
846 4345 933 4408 loeus
953 4342 1096 4428 proxime
1115 4347 1189 4424 poet
1208 4339 1254 4402 al-

684 4466 777 4530 3n2
