3242 5150
396 383 670 448 CONCILIUM
695 383 1088 448 ELIBERI'PANUM.
1198 384 1258 450 261

215 552 349 630 fidelem,
366 559 433 618 mct
454 553 591 622 alterum
612 552 710 632 ducit,
731 553 939 638 prohibeatur
959 575 1000 618 ne
1019 555 1136 631 ducat3
1159 555 1262 619 sieu-

215 673 281 728 tem
295 662 433 740 duxerit,
448 685 512 727 non
526 663 614 748 prius
632 663 769 749 accipiat
786 662 1049 736 communionem,
1064 674 1079 702 ¹¹
1090 663 1150 728 uisi
1167 686 1262 749 quem

153 768 158 777 ’
216 773 387 858 reliquerit,
412 775 501 860 prius
525 775 566 839 de
592 773 708 839 saeculo
733 774 863 852 exierit3
894 774 955 838 nisi
980 774 1064 838 forte
1088 774 1263 840 necessitas

215 882 410 948 infirmitatis
424 885 502 949 dare
516 884 713 970 compulerit.

716 993 762 1055 X.

257 1104 292 1167 Si
317 1125 364 1182 ea,
391 1123 488 1187 quam
513 1102 757 1166 catechumenus
782 1100 920 1185 reliquit,
947 1101 1074 1166 duxerit
1100 1103 1260 1178 maritum,

213 1220 321 1299 potest
342 1214 384 1277 ad
405 1212 526 1276 iontem
548 1212 665 1276 lavacri
687 1212 826 1276 admitti.
872 1214 946 1276 Hoc
967 1217 1002 1276 et
1023 1211 1108 1276 circa
1128 1211 1262 1276 feminae

213 1324 456 1389 catechumenas
481 1323 543 1387 erit
569 1323 811 1387 observandum.
866 1322 959 1403 Quod
982 1322 1127 1386 siluerit
1149 1321 1260 1396 fidelis,

214 1456 282 1519 quae
309 1434 446 1513 ducitur,
472 1434 514 1498 ab
536 1455 575 1497 eo
600 1431 654 1516 qui
678 1453 811 1496 uxorem
836 1431 1032 1515 inculpatam
1056 1430 1184 1516 reliquit
1204 1441 1262 1495 ⁰ot

213 1564 285 1608 cum
308 1543 415 1608 scierit
437 1543 525 1606 illum
550 1543 669 1607 habere
692 1563 834 1615 uxorem,
861 1563 958 1626 quam
980 1541 1048 1604 siue
1071 1562 1168 1605 causa
1192 1539 1263 1604 reli-

214 1655 293 1739 quit,
308 1653 440 1739 placuit,
455 1653 528 1717 huic
542 1674 601 1716 nee
615 1652 648 1716 in
662 1649 758 1716 finem
771 1652 910 1716 dandam
921 1672 990 1716 esee
1001 1650 1261 1716 communionem.

235 1823 386 1888 Posterior
406 1823 495 1907 lajrc
515 1821 640 1886 cononis
658 1821 792 1906 porscia
813 1819 1242 1906 lepitariucodiccqcodom

623 1927 854 1994 momtmmoa.

257 2041 349 2119 Quod
371 2040 398 2104 ei
421 2038 548 2103 ducitur
569 2038 610 2102 ab
625 2060 663 2103 eo
686 2037 740 2122 qui
762 2038 958 2122 inculpatam
971 2036 1101 2122 reliquit
1120 2059 1260 2115 uxorem,

213 2157 340 2215 etcum
362 2148 470 2214 scierit
491 2148 609 2213 habere
630 2168 773 2222 uxorem,
789 2170 887 2234 quam
908 2149 976 2213 sine
997 2169 1095 2212 causa
1113 2147 1260 2234 reliquit;

212 2259 332 2345 placuit
345 2281 404 2323 nec
418 2257 451 2322 in
465 2259 528 2322 line
542 2258 637 2342 hujus
651 2257 720 2322 dari
736 2258 997 2323 communionem.

704 2367 771 2432 XI.

257 2479 351 2543 Intra
372 2475 577 2562 quinquennii
597 2482 706 2541 autem
724 2483 883 2561 tempora,
898 2476 1125 2541 catechumena
1142 2477 1169 2542 ei
1189 2499 1262 2563 gra·

212 2588 294 2653 viter
313 2588 411 2653 fuerit
432 2587 603 2665 infirmata,
620 2587 760 2652 dandum
782 2586 813 2652 ei
834 2586 1029 2671 baptismum
1049 2586 1179 2672 placuit,
1197 2609 1261 2651 non

212 2697 371 2783 denegari.

695 2805 781 2867 XII.

256 2915 377 2991 Mater,
401 2913 450 2977 vel
475 2936 602 2997 parens,
629 2914 678 2977 vel
703 2912 853 2998 qualibet
879 2913 991 2990 fidelis,
1017 2913 1044 2977 si
1072 2911 1261 2978 lenocinium

212 3024 408 3097 exercuerit;
433 3047 470 3088 eo
485 3025 570 3110 quod
590 3024 726 3087 alienum
745 3023 925 3088 vendiderit
943 3044 1068 3105 corpus,
1085 3021 1134 3087 vel
1154 3022 1261 3108 potius

212 3154 315 3210 suum,
328 3132 460 3218 placuit,
476 3154 541 3210 eas,
557 3146 640 3197 Pnec
654 3132 688 3196 in
702 3134 765 3197 line
778 3132 923 3217 accipere
938 3133 1197 3199 communionem.

683 3240 787 3305 XIII.

254 3352 436 3437 eVirgines,
452 3373 523 3436 quae
545 3374 578 3415 se
601 3350 672 3415 Deo
694 3351 881 3429 dicaverint,
896 3350 922 3415 si
942 3360 1073 3436 pactum
1095 3351 1259 3436 rperdide-

211 3458 276 3524 rint
291 3460 494 3545 virginitatis,
515 3466 613 3545 atque
627 3460 730 3525 eidem
749 3460 872 3524 libidini
894 3460 1071 3537 servierint,
1086 3481 1150 3524 non
1169 3460 1262 3526 intel-

243 3624 267 3654 ω
278 3614 302 3661 8.
314 3625 407 3661 xxxrr.
431 3614 478 3670 Qu
492 3626 514 3675 7.
534 3612 623 3661 Fidelis
639 3612 730 3661 seorim
746 3626 808 3674 qun.
830 3614 876 3661 loo
894 3614 922 3659 in
941 3613 1014 3660 Dm.
1035 3611 1156 3674 pertriil.
1174 3626 1261 3677 cipp.

212 3694 304 3742 Burei.
316 3693 357 3741 llb.
366 3692 400 3741 ix.
411 3708 462 3753 cap.
472 3692 513 3750 63.
533 3694 632 3754 Rapina,
643 3692 684 3741 lib.
694 3692 719 3739 ii.
732 3707 783 3753 esp.
797 3704 850 3750 103.
868 3693 967 3739 liuban.
982 3692 1022 3739 ue.
1036 3694 1125 3739 Ponit.
1142 3708 1194 3754 cap.
1205 3706 1227 3753 3.
1238 3700 1263 3741 et

210 3777 317 3838 inspici.
334 3777 367 3822 cd
381 3776 621 3837 Horitcldcepor.
640 3776 756 3835 Apum,
773 3782 798 3822 et
815 3772 919 3821 alterum
936 3772 1042 3831 duait,
1057 3774 1148 3821 creduis
1160 3774 1191 3821 iis
1207 3789 1262 3837 pue

210 3863 268 3904 rum
279 3856 412 3917 Interiectu.
512 3866 524 3889 ¹²
539 3858 600 3904 MS.
612 3870 685 3919 quem
700 3856 722 3904 is
736 3870 808 3918 quem
826 3854 973 3917 reliquitde
986 3871 1039 3904 sac.
1139 3858 1260 3917 ‘Aprem

210 3944 236 3984 et
245 3951 301 3985 cum
311 3936 397 3985 eluerit
407 3936 477 3985 illum
488 3938 519 3986 ab
529 3936 727 3999 uxore—placule
738 3936 879 3997 hujmmodl
890 3937 917 3984 ln
933 3936 984 3985 fine
994 3937 1047 3985 duri
1058 3936 1260 3985 communionem.

212 4018 280 4065 ulto
295 4018 368 4065 etium
383 4018 485 4078 Rapina,
496 4017 537 4065 lib.
546 4017 571 4064 ii.
582 4032 635 4079 erp.
646 4031 701 4078 142,
713 4025 737 4065 et
746 4020 791 4065 Icc
806 4018 834 4064 in
850 4019 924 4065 Decr.
942 4019 977 4066 At
989 4018 1083 4065 Burei.
1093 4017 1194 4065 libain.
1206 4032 1227 4066 c.
1236 4030 1261 4079 5.

211 4096 257 4145 nisi
269 4096 295 4144 in
307 4097 357 4146 linc
368 4112 417 4145 non
434 4098 534 4160 accipiat
550 4113 672 4147 commun.
773 4107 788 4145 u
801 4110 840 4158 ²5·
853 4110 947 4145 xxvrr.
962 4099 990 4155 Q.
1008 4112 1027 4146 ι.
1039 4098 1153 4161 Virgines
1163 4114 1218 4160 qun
1227 4112 1261 4146 sc.

212 4180 273 4226 Itan
285 4178 382 4225 Ratae».
393 4180 421 4225 in
436 4178 495 4226 libro
506 4178 594 4226 Ponit.
607 4185 631 4227 ct
641 4180 669 4225 lu
678 4179 747 4238 epist.
759 4179 793 4224 ad
808 4177 934 4227 Heuitcld.
945 4193 996 4239 cop.
1008 4192 1046 4238 ²3·
1146 4178 1260 4226 romu

214 4258 328 4319 Mopunt
340 4271 383 4306 111.
397 4273 462 4307 anno
473 4256 529 4307 888.
541 4273 561 4305 c.
573 4257 611 4306 26.
623 4264 647 4306 et
657 4260 684 4304 in
697 4257 777 4305 Colca.
796 4270 814 4303 ι.
826 4272 847 4304 c.
858 4255 881 4303 6.
893 4257 1021 4318 unno887.
1032 4257 1188 4319 prodiderint

554 4354 569 4382 ⁴
582 4352 646 4416 (sam
658 4354 727 4401 caseo
737 4354 911 4415 Moram.)
