3242 5150
385 381 544 446 GESTA
568 381 702 446 APUD
726 382 1061 448 ZENOPHILUM.
1182 383 1247 447 385

196 551 316 636 aliquid
332 550 476 636 accepit?
497 549 741 616 ctosoentianus
755 551 858 616 dixit:
881 550 968 616 Nihil
985 551 1060 616 inde
1081 572 1174 616 nemo
1196 573 1248 616 ao-

196 661 300 745 cepit:
324 661 440 734 neseio,
456 681 514 725 neo
530 660 602 745 quis
615 659 686 724 illos
696 659 884 744 erogaverit.
920 659 1137 724 Nundinarius
1148 660 1247 725 dixit:

197 769 342 835 Aniculae
357 790 518 855 nunquam
538 769 613 834 inde
631 770 752 855 aliquid
770 771 981 854 aeceperunt!
1004 769 1249 834 crescentianus

197 877 297 942 dixit:
328 877 424 943 Nihil.
469 878 664 964 zenophilus
691 881 728 943 V.
746 879 782 945 c.
810 877 985 943 consularis
1014 876 1115 941 dixit:
1151 878 1251 941 Certe

198 986 345 1070 quotiens
358 986 478 1072 aliquid
489 988 555 1053 tale
566 988 717 1065 donatur,
732 1008 842 1052 omnes
855 987 929 1051 iude
944 985 1112 1071 populanes
1126 985 1251 1071 publice

197 1096 368 1181 accipiunt.
412 1098 659 1163 Crescentiauus
681 1098 781 1163 dixit:
808 1099 884 1161 Non
905 1095 1012 1160 audivi
1033 1095 1083 1160 vei
1107 1095 1172 1160 vidi
1194 1096 1249 1160 de-

197 1207 281 1270 disse
297 1207 410 1270 1’illum
424 1206 557 1292 aliquos.
592 1206 787 1291 Zenophilus
802 1207 842 1269 V.
853 1207 891 1270 C.
911 1204 1084 1270 consularis
1099 1207 1251 1269 crescen-

198 1315 287 1379 tiano
302 1315 401 1380 dixit:
428 1315 515 1378 Nihil
528 1337 605 1401 ergo
620 1317 733 1380 dutum
747 1322 798 1379 est
813 1315 853 1379 de
868 1313 1108 1400 quadringentis
1125 1314 1251 1378 follibus

199 1424 336 1507 populot
366 1425 613 1488 Crescentianus
638 1423 739 1488 dixit:
770 1421 867 1486 Nihil.
912 1421 1037 1507 Utique
1057 1423 1251 1507 pervenisset

199 1533 305 1617 aliqua
335 1532 537 1616 portiuncula
562 1534 604 1597 ad
630 1555 697 1597 nos.
741 1531 934 1617 Zenophilus
958 1535 998 1597 V.
1015 1534 1053 1595 C.
1079 1533 1251 1598 consularis

199 1640 300 1704 dixit:
324 1643 396 1719 Quo
410 1663 487 1726 ergo
501 1642 620 1707 sublati
631 1645 727 1707 sunt!
750 1641 997 1706 crescentianus
1011 1641 1110 1706 dixit:
1127 1641 1251 1706 Nescio.

201 1749 302 1813 Nemo
317 1749 394 1813 nihii
409 1751 543 1833 accepit.
588 1752 810 1817 Nundinarius
826 1750 924 1816 dixit:
949 1751 1060 1816 Victor
1074 1757 1153 1836 quot
1164 1749 1252 1814 folles

200 1858 290 1922 dedit
305 1867 342 1922 ut
357 1857 449 1923 fieret
463 1861 649 1945 presbyter?
670 1860 916 1926 Crescentianus
927 1860 1027 1924 dixit:
1054 1859 1127 1923 Vidi
1138 1858 1253 1923 allatos

200 1967 353 2051 cophinos
370 1989 442 2032 oum
462 1969 604 2053 pecunia.
649 1969 845 2058 Zenophilus
860 1971 899 2034 V.
912 1970 950 2033 C.
970 1967 1144 2034 consularis
1159 1967 1253 2031 Cres-

201 2076 348 2140 oentiauo
363 2076 463 2141 dixit:
488 2078 550 2142 Cui
565 2078 634 2143 dati
649 2088 723 2143 sunt
733 2077 880 2164 cophini?
894 2076 1136 2143 crescentianus
1151 2075 1252 2140 dixit:

202 2187 361 2273 Episcopo
376 2187 514 2254 Silvano.
559 2191 753 2275 Zenophilus
769 2193 807 2254 V.
817 2191 855 2254 C.
872 2188 1045 2254 consularis
1063 2188 1163 2253 dixit:
1193 2187 1253 2252 Sil·

203 2320 284 2362 vano
299 2299 367 2363 dati
381 2301 477 2363 sunt?
500 2299 746 2364 crescentianus
760 2298 863 2364 dixit:
887 2297 1024 2363 Silvano.
1060 2295 1253 2382 Zenophilus

205 2406 243 2466 V.
255 2407 293 2467 C.
309 2404 483 2468 consularis
493 2404 595 2469 dixit:
620 2405 744 2490 Populo
758 2403 837 2467 nihil
850 2405 962 2468 datum
973 2404 1037 2467 est?
1058 2401 1252 2486 Respondit:

204 2512 316 2586 Nihil:
345 2534 472 2577 neeesse
487 2520 537 2578 est
552 2518 637 2578 utet
657 2535 716 2579 nos
730 2513 850 2601 aliquid
870 2512 1091 2598 acciperemus,
1107 2510 1135 2575 si
1149 2510 1254 2576 distri-

206 2624 381 2687 buerentur
395 2623 477 2687 siout
491 2622 582 2687 solet.
627 2623 821 2708 Zenophilus
836 2623 875 2685 V.
890 2623 929 2686 C.
945 2618 1119 2685 consularis
1134 2618 1255 2683 Nundi-

205 2731 296 2794 nasio
311 2730 411 2795 dixit:
437 2730 520 2812 Quid
541 2730 628 2795 aliud
643 2731 683 2795 de
706 2728 934 2795 Crescentiano
953 2734 1049 2814 putas
1064 2748 1132 2791 esse
1151 2728 1255 2812 requi-

206 2839 361 2903 rendum?
383 2839 598 2904 Nundinarius
610 2839 708 2903 dixit:
737 2838 840 2924 ipsud
854 2844 912 2901 est.
958 2833 1150 2918 Zenophilus
1167 2835 1203 2898 V.
1216 2835 1254 2898 C.

207 2952 381 3017 consularis
395 2952 490 3018 dixit:
514 2952 670 3034 Quoniam
685 2951 726 3015 de
747 2948 895 3015 omuibus
917 2944 1162 3013 crescentianus
1184 2946 1256 3010 sub-

207 3062 358 3127 diaconus
372 3062 557 3148 simpliciter
574 3063 735 3127 confessus
754 3067 815 3138 est,
831 3058 1065 3124 submoveatur.
1110 3058 1197 3121 Item
1210 3056 1257 3119 iu-

207 3172 303 3237 ducto
324 3178 359 3237 et
379 3172 531 3257 applicito
552 3172 572 3235 J
578 3172 711 3237 aunario
732 3171 936 3248 subdiacono,
957 3168 1151 3254 Zenophilus
1165 3168 1204 3232 V.
1217 3169 1257 3232 C.

208 3282 381 3349 consularis
396 3281 494 3347 dixit:
518 3282 597 3364 Quis
610 3282 753 3347 voom'is!
774 3279 954 3367 Respondit
966 3324 1131 3343 ............

611 3432 720 3497 Cetera
734 3431 850 3496 dem.

250 3543 361 3602 Extant
373 3543 435 3603 haeo
448 3564 514 3622 pag.
525 3544 678 3620 91-106.
694 3542 750 3600 vol.
761 3542 792 3599 ii.
808 3540 931 3599 Miscell.
947 3536 1051 3616 Steph.
1067 3533 1193 3603 Beluaii,
1206 3534 1259 3593 sed

208 3667 246 3707 cx
260 3647 324 3707 eliis
337 3648 404 3708 edd.
420 3649 465 3708 bis
479 3659 582 3727 terque
595 3657 734 3707 correcte.

633 3856 648 3895 v
663 3844 727 3907 (sve
741 3841 830 3904 ullum)
