3242 5150
397 397 419 458 8
693 393 941 471 RELIQUIAE
967 393 1146 456 SACRAE.

398 564 527 628 diceret.
573 562 743 646 Indignum
758 569 809 627 est
823 563 906 626 enim
922 563 962 625 de
976 562 1034 626 tali
1049 561 1180 626 foemina
1193 563 1367 628 absurdum
1380 565 1436 628 ali·

399 671 474 755 quid
489 670 652 754 suspicari.
682 670 765 750 Quid
780 692 857 754 ergo
870 669 1011 734 efficiunt
1024 671 1122 734 verba
1134 670 1213 748 lime,
1227 671 1312 734 ⁰Dio
1321 670 1441 735 corbam

396 780 525 866 olipaad
536 790 641 843 eontra
656 782 767 857 Deam,
781 790 809 844 et
828 782 965 844 mama?
989 781 1056 844 Hoc
1072 779 1246 862 afferebant
1262 785 1320 865 (so.
1339 783 1441 846 sancti

398 891 467 966 viri,
483 911 579 973 supra
598 890 851 973 commemorati)
867 890 1039 963 mulierem,
1056 891 1130 974 quia
1148 891 1250 954 virum
1271 891 1440 975 reprehen-

398 998 486 1062 sione
501 1019 608 1062 carere
626 998 766 1071 vidisset,
782 1005 817 1062 et
834 1007 943 1063 mmen
957 1020 1107 1063 concessu
1122 999 1183 1063 Dei
1202 1000 1236 1062 in
1252 1006 1304 1063 tot
1318 1006 1473 1078 tantas-5

399 1129 461 1191 que
475 1107 674 1172 calamitates
688 1106 861 1184 incidisset,
877 1117 1101 1192 verereturque
1115 1130 1156 1172 ne
1170 1109 1241 1194 quis
1260 1131 1299 1173 ex
1317 1109 1356 1172 iis
1370 1131 1442 1193 quae

398 1215 599 1292 videbantur,
618 1216 765 1300 judicans
789 1239 828 1280 ea
849 1238 921 1301 qum
942 1218 972 1281 ei
994 1219 1164 1294 evenirent,
1189 1219 1351 1282 contraria
1374 1219 1443 1303 ejus

399 1335 485 1389 recte
499 1325 593 1389 lactis
607 1325 816 1402 existimaret,
831 1326 864 1389 id
880 1329 964 1411 quod
979 1328 1076 1393 etiam
1091 1337 1158 1393 tres
1172 1329 1262 1392 amici
1276 1328 1442 1392 fecissent:

399 1419 539 1520 quicum
559 1436 636 1500 nihil
656 1436 775 1500 sinistri
794 1437 837 1500 ab
852 1460 891 1501 eo
905 1447 1031 1521 gestum
1049 1459 1118 1500 esse
1137 1438 1265 1513 scirent,
1280 1444 1389 1500 tamen
1402 1459 1443 1500 ex

397 1544 437 1608 iis
450 1567 522 1629 quae
536 1551 711 1620 cernerent,
728 1566 766 1608 sa
780 1566 852 1629 quae
866 1545 911 1608 illi
925 1545 1123 1621 accidissent,
1135 1545 1343 1629 judicassent,
1357 1547 1443 1630 quod
1458 1561 1498 1598 ¹0

399 1645 583 1729 ignorarent
614 1646 685 1722 Dei,
714 1647 767 1730 qui
796 1667 870 1710 eum
894 1646 1057 1723 edidisset,
1082 1647 1266 1721 consilinm
1301 1669 1341 1711 ne
1366 1648 1443 1732 quid

400 1755 580 1839 hujusmodi
610 1756 769 1820 accideret
797 1756 827 1820 ci
852 1756 921 1820 haeo
947 1755 1082 1820 dixisse:
1126 1756 1197 1829 Vir,
1223 1757 1288 1820 scio
1317 1767 1351 1820 te
1380 1757 1443 1820 Dei

399 1865 552 1928 auxilium
566 1863 752 1948 expectare:
776 1866 832 1928 sed
847 1865 982 1928 fortasse
1003 1864 1125 1928 interea
1145 1864 1280 1928 salutem
1298 1863 1441 1936 distulit;

400 1995 529 2038 causam
544 1995 607 2038 nou
622 1994 750 2057 possum
764 1974 878 2038 dicere.
926 1973 1080 2039 Pemrulti
1094 1981 1203 2038 autem
1222 1972 1373 2048 homines
1388 1973 1443 2057 qni

401 2083 475 2166 (lor.
491 2083 545 2167 qui
560 2081 716 2146 ἀοῖειιιίιιιη
729 2089 784 2165 oa)
799 2091 834 2146 te
856 2082 923 2146 sine
944 2083 1055 2167 stirpe,
1069 2083 1137 2145 sine
1154 2083 1258 2157 domo,
1275 2082 1495 2160 sineveste15

400 2215 480 2271 esso,
505 2192 712 2276 omnibusque
742 2193 833 2256 bonis
856 2192 1056 2268 destitutum,
1080 2201 1115 2255 et
1138 2190 1254 2254 liberos
1279 2190 1348 2254 illos
1376 2190 1444 2274 pul·

401 2302 494 2366 ohros
516 2323 554 2366 ac
582 2302 691 2378 bonos,
719 2323 798 2387 quos
826 2323 942 2387 magno
971 2302 1079 2366 labore
1110 2300 1354 2386 procreavimus,
1380 2321 1443 2363 uon

401 2413 539 2476 libidinis
559 2434 666 2490 causa,
680 2413 736 2476 sed
755 2413 954 2498 propagandi
971 2412 1096 2498 generis
1115 2411 1228 2487 nostri,
1246 2417 1377 2494 repente
1391 2411 1444 2474 de·

401 2524 492 2600 letos,
514 2523 641 2588 vident:
669 2529 706 2587 tu
721 2543 795 2587 vero
817 2521 884 2606 ipsc
906 2520 1058 2585 tineamus
1070 2519 1221 2605 pabulam
1233 2520 1343 2603 sactae
1356 2541 1397 2597 aa,
1411 2526 1445 2584 et

401 2656 459 2718 pro
481 2633 623 2719 pristinis
644 2633 756 2717 opibus
776 2654 816 2696 ao
838 2631 929 2696 bonis
951 2638 984 2695 et
1005 2631 1195 2709 valetudine,
1218 2632 1251 2694 in
1272 2637 1330 2695 tua
1349 2652 1445 2694 earne
1455 2656 1496 2695 20

401 2743 552 2806 vermium
573 2742 744 2807 multitudo
765 2749 881 2816 scatet,
897 2749 931 2805 et
953 2762 1011 2825 pro
1025 2740 1129 2825 regiis,
1146 2762 1186 2803 ne
1204 2741 1364 2804 subtecto
1379 2740 1446 2824 qui-

401 2853 485 2927 dem,
500 2853 556 2914 sed
570 2850 623 2915 aab
638 2851 689 2914 dio
703 2849 842 2913 latitas:
867 2871 926 2934 ego
941 2871 1015 2913 vero
1029 2870 1111 2913 uxor
1131 2855 1198 2924 tua,
1213 2869 1272 2933 pro
1294 2848 1446 2931 praeolaro

401 2959 577 3043 illustrique
605 2959 672 3022 lare
701 2979 823 3042 pauper
851 2958 965 3023 effecta
993 2980 1072 3035 sum,
1095 2958 1296 3041 dpratoim
1320 2956 1387 3020 loca
1409 2978 1447 3020 aa

402 3070 470 3145 loco,
486 3079 514 3133 a
527 3068 627 3132 ἄοικοι
641 3078 771 3146 matam,
783 3090 890 3133 rernm
905 3069 1056 3134 advitam
1071 3069 1319 3132 necessariarum
1328 3068 1445 3153 gratia,

402 3180 443 3242 ob
459 3200 592 3262 eamque
606 3199 734 3242 causam
749 3179 871 3263 pudore
884 3180 1010 3256 effoeta,
1024 3176 1117 3241 colem
1131 3177 1207 3240 mili
1221 3187 1288 3261 opto
1301 3176 1446 3253 occidere,
1457 3199 1495 3255 25

401 3299 435 3351 ot
454 3310 512 3351 coc
533 3288 665 3353 adveatu
685 3311 738 3353 scio
762 3290 950 3354 calamitates
970 3310 1051 3352 meaa
1075 3287 1191 3351 omar
1213 3298 1240 3350 a
1264 3296 1352 3372 tepet.
1397 3285 1448 3349 Ut

402 3398 499 3482 igitur
514 3420 573 3483 ego
587 3399 657 3482 ipse
672 3405 797 3462 tantum
813 3400 931 3475 rideor,
945 3419 1009 3462 non
1020 3398 1124 3461 ferens
1135 3396 1233 3459 risum
1248 3394 1446 3480 procacium:

402 3508 447 3571 sic
474 3517 510 3571 tu
536 3507 589 3591 qni
612 3509 760 3573 miserum
786 3508 1002 3593 spectantibus
1027 3506 1242 3592 spectaculum
1266 3505 1449 3590 propositus

402 3641 446 3694 es,
470 3618 533 3681 noli
549 3641 645 3683 causa
659 3620 766 3683 damni
782 3641 850 3683 esse
866 3619 1006 3694 infirmis,
1022 3618 1112 3701 quasi
1128 3639 1191 3681 uon
1206 3617 1249 3680 sis
1263 3638 1347 3680 curae
1364 3617 1446 3693 Deo,

404 3751 460 3793 uec
482 3730 549 3813 ipse
571 3729 665 3793 simili
686 3729 746 3792 tibi
768 3730 956 3813 conjunctus
977 3729 1021 3792 sit
1032 3753 1041 3804 ;
1063 3728 1196 3792 collecta
1218 3734 1497 3811 contractaque30

403 3844 511 3901 mente
534 3846 591 3902 tua
612 3845 646 3901 te
668 3837 701 3900 in
715 3838 903 3901 famulatum
917 3837 990 3913 Dei,
1006 3837 1108 3920 quite
1127 3836 1160 3899 iu
1179 3836 1280 3900 lucem
1302 3833 1448 3919 protulit,

404 3950 507 4024 trade,
523 3957 560 4012 ut
583 3948 642 4012 tibi
664 3948 796 4013 celerem
819 3955 953 4012 mortem
976 3948 1101 4023 inferat,
1118 3970 1181 4030 quo
1200 3946 1322 4011 facilius
1344 3954 1448 4010 morte

403 4055 473 4140 ipsa
503 4062 537 4118 et
566 4055 775 4139 suspicionem
805 4078 900 4140 quam
926 4058 965 4121 de
989 4056 1059 4120 Deo
1088 4056 1188 4122 habes
1213 4055 1285 4137 (lor.
1311 4054 1446 4136 habent)

403 4164 507 4241 tollas,
524 4172 557 4228 et
572 4164 631 4229 tibi
647 4165 780 4242 dolores,
796 4166 921 4230 etmihi
940 4165 1139 4229 calamitates
1158 4165 1274 4228 reddas
1288 4162 1448 4246 faciasque

566 4337 579 4365 c
591 4326 646 4375 lou
660 4325 683 4372 ii.
697 4340 721 4387 9.
945 4327 1027 4375 dJob.
1036 4328 1061 4373 ii.
1074 4343 1098 4391 9,
1110 4330 1206 4376 secund.
1217 4339 1284 4373 cxx.
