3242 5150
527 398 576 462 IN
601 399 633 461 S.
657 397 897 462 PHILBAM.
1194 401 1238 468 99

190 565 401 630 Alexandrini
423 566 520 651 virgis
536 567 740 631 caedebantur
759 566 801 632 ab
816 566 1044 631 Alexandrinis
1063 566 1236 644 lictoribus,

188 691 267 753 quos
291 677 407 732 vocant
433 668 682 754 Spathephoros.
727 671 838 753 Atque
860 667 920 731 hoc
942 690 1046 753 poenae
1068 668 1236 732 discrimen

188 768 329 832 nonnihil
356 769 470 834 habuis
495 770 634 834 sesolatii
656 770 805 834 observat
825 769 929 847 Philo,
945 770 999 855 qui
1015 771 1141 855 quidem
1162 793 1234 856 spa-

188 869 261 935 thas
284 870 426 956 posuisse
447 872 574 936 videtur
595 894 654 958 pro
676 872 807 958 virgise
829 873 911 938 citro
925 894 981 938 seu
1003 873 1087 937 malo
1109 872 1236 957 punica.

190 973 354 1036 Vuumrus.

233 1077 269 1139 P.
284 1077 335 1140 88.
350 1076 371 1141 l.
387 1096 437 1158 17.
453 1077 521 1158 περὶ
538 1077 569 1140 τὸ
583 1076 690 1163 ξύλον]
708 1076 861 1141 Eouloum
875 1075 1028 1162 intelligo.
1063 1075 1236 1140 Reisonim

188 1180 221 1244 iu
250 1178 357 1242 eculeo
386 1179 546 1264 suspensis
580 1179 682 1246 latera
715 1177 826 1242 ferreis
857 1178 982 1264 ungulis
1010 1178 1235 1243 exarabantur.

190 1281 353 1346 chasrus.

232 1383 269 1446 P.
284 1385 334 1468 89.
350 1384 370 1447 l.
381 1405 412 1464 4.
429 1385 477 1450 καί
493 1384 624 1470 κνημῶν]
642 1386 690 1448 καὶ
704 1390 762 1447 τῶν
778 1411 803 1447 κ.
827 1382 1027 1467 Nicepbom.

233 1486 317 1551 Ibid.
333 1487 353 1552 l.
364 1509 396 1567 4.
413 1489 597 1568 ἀμυντηρίοις
608 1485 766 1571 ἐκόλαζον]
780 1485 903 1549 Eadem
914 1484 1011 1548 verba
1021 1483 1120 1548 habet
1132 1484 1238 1548 Meta·

189 1589 337 1672 phraates
351 1590 384 1653 in
400 1590 493 1654 Actis
512 1589 676 1654 Passionis
696 1589 826 1654 l'hileae.
873 1587 1072 1672 Nicephorus
1089 1585 1239 1650 emendat

189 1691 374 1770 όμννιηρίοις
388 1692 440 1756 τὰς
455 1689 603 1756 κολάσεις.
633 1689 733 1753 Recto
744 1696 781 1753 ut
795 1697 939 1773 apparot.
956 1687 1116 1768 ίιμνντήρια
1129 1695 1238 1751 autom

189 1800 264 1856 suut
289 1791 424 1876 ungulas,
451 1799 488 1856 ut
517 1798 603 1856 recte
629 1791 762 1854 Rufinus
790 1791 897 1856 vertit.
942 1789 1105 1854 Videntur
1130 1797 1239 1852 tamen

190 1893 351 1976 ἀμυντήρια
364 1895 483 1978 aliquid
498 1893 569 1979 plus
584 1916 652 1958 esse
665 1915 762 1978 qnam
777 1892 911 1976 ungulae.
957 1892 1040 1955 Nam
1059 1891 1240 1975 Hesychius

189 1995 376 2078 ἀμυντήριον,
407 1997 493 2078 ξίφος
522 1998 663 2074 δίστομον
691 1995 932 2080 interpretetur,
957 1993 988 2056 id
1019 2001 1069 2057 est
1096 1993 1239 2077 gladium

190 2097 339 2182 utrinque
353 2105 502 2171 acutum
519 2104 553 2161 et
568 2097 600 2159 in
615 2097 674 2161 hoc
686 2096 857 2161 crudelitas
868 2095 1012 2180 judicum
1027 2101 1168 2171 notatur,
1185 2095 1239 2179 qui

189 2221 253 2262 non
278 2199 421 2266 contenti
445 2198 638 2284 simplicibus
664 2199 799 2283 ungulis,
824 2198 984 2266 novaculis
1009 2197 1052 2262 od
1077 2198 1240 2261 exaranda

189 2307 366 2385 martyrum
380 2300 483 2366 latera
497 2303 680 2366 utebantur.
706 2302 869 2365 annsrus.

232 2403 316 2466 Ibid.
330 2403 350 2466 l.
363 2404 393 2466 8.
409 2404 443 2466 οὐ
457 2406 607 2482 βεβηκόσι
621 2411 683 2470 τοῖς
693 2404 779 2488 ποσὶ]
795 2404 860 2466 Pro
872 2404 1023 2481 βεβηκόσι
1036 2399 1134 2465 habet
1145 2407 1240 2479 βεβη-

190 2506 273 2571 κότες
287 2504 419 2591 Nieepl.
432 2526 489 2570 neo
503 2505 595 2570 male.
640 2508 734 2571 Nunc
749 2505 841 2571 addit
859 2505 1022 2568 Burtouus
1039 2503 1102 2566 eod.
1123 2513 1240 2566 utram-

189 2628 245 2691 que
255 2608 475 2673 Formiana.
520 2608 605 2673 Olim
627 2609 694 2674 dixi
716 2609 850 2673 lucidius
864 2609 931 2671 lore
950 2608 1124 2686 βιαζόμενοι
1144 2627 1240 2690 quarn

189 2708 388 2789 βιαζομένων,
402 2731 485 2774 nunc
502 2710 608 2775 malim
623 2712 709 2776 aliud
725 2712 801 2797 quid
816 2710 946 2774 verbum
966 2709 1017 2772 hic
1037 2707 1239 2771 substituere.

192 2814 252 2875 Kal
265 2820 441 2894 posuerunt
455 2820 530 2877 unte
546 2814 755 2893 ἀνελκομένιυν
769 2814 866 2877 iidem
880 2812 964 2876 codd.
981 2809 1166 2875 Flormlc‘ui.

234 2914 316 2978 Ibid.
335 2913 355 2980 l.
372 2935 419 2996 14.
444 2914 566 3002 τοὺςτῇ
592 2917 711 2999 ἐξουσία
734 2911 1004 2997 ὑπηρητονμένους]
1032 2911 1241 2996 Appan‘tores

189 3038 245 3079 scu
270 3015 418 3081 officiales
444 3015 605 3101 intelligit,
628 3017 681 3101 qui
708 3017 866 3083 Prael'ecto
896 3014 1065 3100 Augustali
1090 3014 1241 3097 obseque-

190 3116 318 3183 bantur.
364 3116 416 3183 De
430 3117 491 3181 hoc
506 3118 589 3183 euim
609 3118 749 3203 loquitur
769 3118 898 3186 Phileas
916 3116 949 3181 in
969 3117 1029 3180 hac
1046 3116 1191 3200 epistula,
1207 3128 1241 3180 et

189 3220 321 3300 ἡγεμόνα
335 3240 407 3282 eum
422 3229 525 3285 vocat.
571 3220 674 3285 Porro
689 3223 809 3301 ἐξουσία
830 3221 894 3284 lere
913 3220 953 3283 de
973 3218 1146 3303 majoribus
1156 3219 1241 3303 judi·

190 3321 278 3385 cibus
292 3320 409 3387 dicitur
423 3322 477 3407 qui
489 3322 651 3388 habebant
662 3324 716 3407 jus
730 3323 848 3408 gladii;
873 3344 944 3407 quae
963 3320 1080 3385 Latine
1097 3328 1240 3405 potestas

189 3423 377 3509 appellatur,
403 3432 440 3491 ut
466 3426 513 3489 ait
541 3425 706 3510 Ulpianus.
760 3426 839 3506 Quae
862 3446 924 3487 vox
947 3445 985 3487 eo
1008 3445 1102 3486 sensa
1125 3424 1241 3509 saepius

190 3524 328 3589 occurrit
344 3526 429 3610 apud
450 3526 473 3590 J
475 3548 610 3591 oannem
626 3528 897 3613 (lhrysostomum.
942 3526 1045 3589 Porro
1065 3526 1242 3590 Praelectus

191 3626 389 3711 Augustalis,
411 3649 449 3691 eu
474 3628 600 3713 quidem
627 3636 770 3715 tempore
794 3637 866 3693 erat
887 3626 1064 3699 Hierocles,
1089 3629 1239 3711 quemad·

190 3730 319 3793 modurn
334 3728 445 3794 scribit
460 3730 659 3816 Epiphanius
674 3732 707 3794 in
722 3730 835 3795 haeresi
849 3729 1104 3793 Meletiauorum.
1136 3729 1241 3793 Vaas-

190 3854 264 3893 srus.
318 3832 434 3895 (lunser
458 3839 524 3896 not.
550 3832 618 3916 ejus
641 3833 683 3896 ad
707 3831 810 3895 Eersr.
835 3831 926 3894 Vrnu.
951 3852 987 3891 ur
1011 3828 1111 3893 Luco.
1135 3831 1195 3895 vol.
1213 3832 1240 3897 l.

190 3954 220 4015 p.
232 3951 306 4017 331.
352 3933 454 3997 Paulo
476 3941 552 3998 ante
573 3956 632 4019 pro
655 3934 707 3997 illo
730 3932 962 4015 προσδιελέγετο
984 3931 1083 3995 habet
1104 3938 1242 4013 προσδιε-

191 4033 319 4116 λέγχετο
334 4035 411 4099 MS.
425 4035 517 4099 Bodl.
532 4036 786 4117 προσδιελίγοντο
801 4034 1000 4119 Nicephorum.

237 4134 318 4199 lbid.
334 4134 356 4197 l.
374 4138 423 4199 16.
444 4143 505 4204 ruis
524 4142 644 4217 δεσμοῖς
663 4138 836 4221 προσιέναι]
856 4139 948 4200 Nova
961 4146 995 4201 et
1013 4134 1150 4199 insolens
1163 4132 1240 4195 mihi

192 4234 317 4300 videtur
345 4235 413 4300 haec
436 4238 563 4303 locutio.
592 4239 754 4304 annsrus.
810 4240 917 4304 Vertit
941 4238 1090 4302 Valesius
1112 4234 1242 4299 oinoslu

193 4337 314 4423 olriupi.
370 4338 519 4405 Forsitan
546 4340 712 4424 legendum
737 4350 787 4406 est
809 4367 834 4405 τ.
858 4345 884 4404 ὃ.
908 4344 1113 4422 προσδεῖσθαι,
1141 4335 1241 4399 Ense·

687 4460 740 4505 ον
