3242 5150
504 407 535 468 S.
561 407 749 471 PETRUS
773 409 919 473 ALEX.
1196 415 1239 476 33

181 579 324 664 πάθους
351 582 460 660 αι’ποῦ
486 580 748 683 προσήγγισεν,
776 582 844 686 οὐχ
871 579 996 661 ἑαυτὸν
1025 583 1239 685 παρέδωκεν,

182 718 272 794 ἀλλ’
291 715 490 822 ἐξεδέξατο,
508 715 574 798 ἕως
590 711 706 812 ἦλθον
724 717 776 794 ἐπ’
806 715 914 795 αὐτὸν
937 715 1027 813 μετὰ
1052 725 1238 821 μαχαιρῶν

182 852 246 930 καῖ
264 850 398 958 ξύλων·
427 849 526 952 λέγει
543 851 606 930 οὖν
627 847 717 953 πρὸς
741 847 879 947 αύτούς,
898 847 985 934 ιιὩς
1012 853 1069 931 ἐπὶ
1095 852 1239 957 λῃστὴν

181 983 357 1091 ἐξήλθετε
375 982 467 1084 μετὰ
482 990 668 1088 μαχαιρῶν
687 988 744 1064 καὶ
758 981 882 1091 ξύλων
895 992 1098 1078 συλλαβεῖν
1111 1019 1179 1084 με;
1205 988 1239 1066 oi

154 1123 282 1208 5⁶Kui
295 1119 504 1223 παρεδωκαν
518 1117 636 1216 αὐτὸν,
650 1122 754 1224 φησὶ,
770 1119 932 1226 Πιλώτφ.
951 1127 1031 1200 καθ’
1046 1121 1237 1222 ὁμοιότητα

181 1261 274 1356 γοῦν
291 1256 401 1334 αὐτοῦ
418 1257 477 1333 καὶ
494 1259 528 1333 oi
551 1251 643 1334 κατὰ
666 1251 806 1334 σκοπὸν
830 1255 939 1334 αι’ποιῖ
957 1257 1149 1353 βαίνοντες,
1166 1291 1233 1336 πε-

182 1387 355 1487 πόνθασι,
373 1389 587 1488 μεμνημένοι
604 1395 677 1468 τῶν
696 1389 798 1468 θείων
820 1389 929 1468 αὐτοῦ
957 1387 1089 1489 λόγων,
1114 1394 1159 1469 δι’
1187 1387 1237 1469 ὧν

182 1521 420 1625 ἐπιστηρίζων
430 1524 523 1624 ἡμᾶς
533 1525 615 1626 περὶ
625 1529 698 1602 τῶν
710 1525 889 1623 διωγμῶν,
901 1521 1006 1623 λέγει,
1019 1521 1236 1627 ’Προσέχετε

182 1659 333 1741 ἑαυτοῖς·
363 1656 623 1759 παραδώσουσι
641 1655 714 1760 γὰρ
733 1659 824 1755 ὑμᾶς
841 1663 890 1739 cic
915 1655 1095 1759 συνέδρια,
1114 1660 1173 1736 καὶ
1200 1662 1238 1738 ἐν

140 1799 262 1878 ιοταῖς
281 1801 510 1894 συναγωγαῖς
528 1793 645 1871 αὐτῶν
662 1792 965 1893 μαστιγώσουσιν
983 1794 1086 1891 ὑμᾶς.
1116 1826 1234 1896 παρα-

183 1928 348 2008 δώσουσι
376 1926 425 2026 δὲ,
452 1925 559 2026 εἶπεν,
587 1929 672 2007 ἀλλ’
702 1930 790 2032 ούχῖ,
820 1927 964 2010 ἑαυτούς
991 1928 1235 2030 παραδώσετε·

459 2063 468 2086 Ι

182 2083 266 2142 ‘xus
284 2097 342 2142 επι
356 2095 532 2164 ηγεμονας
551 2063 590 2142 δὲ
607 2065 665 2142 καὶ
683 2069 850 2157 βασιλεῖς
875 2061 1085 2165 ἀχθήσεσθε
1110 2061 1168 2142 διὰ
1193 2061 1236 2142 τὸ

182 2194 298 2294 ὄνομά
315 2229 397 2294 μου,
416 2199 501 2276 ἀλλ’
521 2197 610 2299 ούχῖ,
630 2194 774 2280 ἑαυτούς
795 2195 909 2302 ἄξετε.
940 2199 1015 2276 ἐπεὶ
1044 2200 1101 2276 καὶ
1122 2233 1234 2296 μετα·

182 2334 303 2436 πηδᾷν
322 2331 414 2428 ἡμᾶς
431 2329 603 2425 βούλεται
625 2327 698 2408 ἀπὸ
724 2325 846 2408 τόπων
873 2335 922 2412 εἷς
946 2329 1079 2416 τόπους
1106 2337 1231 2411 διωκο-

141 2493 174 2552 15
183 2464 312 2561 μένους
330 2461 389 2542 διὰ
407 2462 448 2542 τὸ
467 2461 580 2562 ὄνομα
598 2463 717 2541 αὐτοῦ.
749 2467 796 2546 uis
809 2461 923 2542 πάλιν
937 2463 1113 2561 ἀκούομεν
1128 2466 1238 2545 αὐτοῦ

184 2599 368 2701 λέγοντος,
384 2602 481 2677 ι’Καὶ
493 2598 580 2678 ὅταν
591 2598 768 2678 διώκωσιν
783 2600 874 2698 ὑμᾶς
887 2601 925 2678 ε’ν
936 2606 982 2703 τῇ
993 2598 1100 2678 πόλει
1110 2599 1234 2705 ταύτῃ,

185 2734 335 2840 φεύγετε
352 2741 401 2818 εἱς
418 2732 485 2834 τὴν
502 2736 635 2837 ἑτεραν·
667 2736 710 2814 ού
727 2732 800 2837 γὰρ
814 2732 909 2813 θέλει
920 2735 1132 2833 αὐτομολεῖν
1144 2735 1236 2833 ἡμᾶς

184 2867 276 2971 πρὸς
295 2866 378 2953 τοὺς
395 2877 459 2948 τοῦ
478 2869 651 2964 διαβόλου
670 2867 904 2952 ὑπασπιστὰς
923 2873 981 2948 καὶ
1001 2868 1232 2975 δορυφόρους,

185 3046 303 3123 etquod
312 3044 532 3123 etiam‚quondo
541 3046 682 3124 passionis
737 3045 823 3104 dicit:
839 3045 1234 3123 Videteoutemuosmetipcoo:

143 3146 178 3185 το
186 3135 303 3205 tempus
337 3126 590 3205 appropinquavit,
623 3146 680 3183 non
738 3126 852 3184 tradent
867 3125 940 3183 euim
954 3146 1003 3183 ooo
1017 3129 1045 3183 iu
1060 3126 1235 3191 conciliimt

186 3205 312 3283 seipsum
336 3206 466 3271 tradidit,
490 3205 542 3264 sed
563 3225 683 3285 exspec-
738 3209 767 3264 in
781 3205 938 3283 synagogis
952 3205 1134 3283 vapulabitis.
1162 3205 1235 3262 Tro-

187 3286 257 3344 tovit
284 3287 378 3345 donec
400 3285 437 3344 od
457 3306 523 3345 eum
551 3286 684 3344 venirent
738 3285 805 3344 deut
816 3286 898 3354 euim,
913 3284 1000 3351 dixit,
1012 3304 1081 3347 non.
1093 3305 1144 3343 vos
1158 3285 1236 3363 ipsos

187 3384 250 3423 cum
265 3366 371 3446 gladiis
385 3378 415 3425 et
429 3366 566 3425 fustibus.
603 3364 683 3425 Dicit
738 3365 877 3424 tradetis:
914 3374 942 3422 et
969 3366 1009 3422 od
1035 3363 1183 3443 principes
1210 3374 1236 3422 et

187 3465 254 3524 crgo
281 3447 341 3505 eis:
383 3448 539 3525 Tamquam
572 3446 613 3504 σθ
639 3446 681 3505 ἱα-
740 3466 822 3524 reges
840 3445 982 3503 ducemini
1000 3453 1118 3523 propter
1140 3465 1236 3503 nomeu

147 3534 292 3603 25trouem
317 3526 416 3586 coistis
436 3546 498 3586 cum
520 3525 628 3603 qludiis
654 3535 679 3583 et
738 3547 844 3583 uicum:
868 3544 937 3595 non,
952 3546 1004 3583 vos
1020 3525 1099 3603 ipsos
1115 3524 1237 3583 ducetis.

178 3604 310 3681 fustibus
345 3606 578 3685 conprehendere
613 3606 683 3663 sne?
738 3604 817 3663 Nam
832 3625 885 3662 nos
899 3624 1016 3681 quoque
1031 3604 1197 3662 vultoloco
1206 3606 1236 3661 in

188 3686 236 3761 qui
259 3687 344 3745 etiam
371 3686 553 3745 tradiderunt
582 3689 682 3764 ipsum,
739 3684 833 3744 locum
855 3685 988 3749 transire,
1002 3684 1072 3742 dum
1094 3696 1165 3743 sunt
1185 3686 1235 3762 qui

189 3764 410 3843 inquit,Piloto.
437 3766 486 3825 Ad
497 3766 560 3844 ejus
568 3786 684 3845 quoque
740 3785 793 3823 nos
809 3779 1024 3843 persequuntur
1045 3774 1164 3843 propter
1184 3785 1237 3822 no·

189 3844 407 3905 similitudinem
432 3847 468 3906 iis
492 3847 607 3913 occidit,
631 3846 681 3923 qui
738 3866 804 3904 men
827 3846 900 3921 ejus,
924 3846 999 3903 sicut
1026 3864 1092 3903 eum
1122 3865 1236 3903 rursiim

149 3944 183 3999 30
191 3924 250 3999 ejus
268 3947 389 4005 scopum
410 3927 465 3985 sibi
488 3936 684 4006 proponentes
737 3925 881 3985 dicentem
896 3925 1078 3983 audivimus:
1104 3925 1176 3983 Cum
1187 3946 1237 3983 uos

191 4002 335 4072 incedunt,
351 4006 516 4066 divinorum
537 4007 600 4084 ejus
618 4026 682 4065 ver·
735 4004 879 4083 persecuti
877 4004 995 4085 suerint
1005 4006 1100 4063 ιἰιιιιια
1111 4004 1235 4074 ciuitate,

192 4080 288 4143 borum
303 4086 457 4156 recordati,
471 4106 524 4165 per
544 4106 609 4165 quae
630 4106 683 4144 nos
727 4084 870 4164 sugiteiu
882 4085 979 4143 aliam.
1001 4084 1072 4142 Non
1083 4083 1236 4143 enimvult

192 4164 367 4232 confirmans,
382 4166 420 4225 de
434 4166 685 4245 persecutionibus
738 4165 775 4223 ud
790 4163 897 4223 dioboli
910 4165 1066 4243 stipatores
1081 4163 1236 4223 satellites-

252 4292 263 4323 ¹
279 4293 341 4343 Mat.
353 4295 419 4342 xxvi.
433 4306 472 4356 55.
629 4304 641 4331 θ
660 4292 723 4341 Mau
735 4292 810 4340 xxvii.
824 4307 846 4339 τ.
995 4291 1006 4331 ¹
1022 4290 1085 4338 Μαι.
1097 4304 1121 4336 x.
1132 4302 1168 4351 ιγ.

253 4367 267 4404 ε
284 4358 345 4407 Μαι
359 4376 383 4407 x.
398 4360 434 4408 18.
626 4358 641 4397 h
660 4357 724 4407 Μαι.
735 4372 759 4405 x.
774 4370 813 4417 ²3·

231 4458 297 4500 vot.
312 4462 354 4502 lv.
703 4462 718 4499 p·
