3242 5150
376 382 442 449 898
673 378 924 456 RELIQUIAE
949 377 1127 442 SACRAE.

377 551 548 655 φῶτερος,
567 557 799 654 χειροτεχνῶν
817 549 861 656 ἐξ
876 551 1023 642 ἑαυτοῦ,
1053 547 1076 649 ip
1095 546 1159 628 τὸν
1177 549 1291 651 μέγαν
1304 557 1436 630 τοῦτον

376 684 474 767 οἷκον
492 688 556 767 τὸν
581 686 625 792 ἐξ
640 687 792 788 οὐρανοῦ
810 688 869 766 καὶ
892 689 959 786 γῆς
984 691 1207 780 συνεστῶτα,
1224 687 1282 766 καὶ
1308 683 1366 764 διὰ
1383 681 1429 762 τὸ

375 821 526 922 με’γεθος
546 823 604 901 καὶ
629 825 770 921 πλῆθος
796 825 860 920 τῆς
877 820 1151 925 ἐπιφαινομένης
1178 821 1275 927 αὐτῷ
1295 822 1434 924 σοφίας

377 956 598 1056 καλούμενον
616 954 766 1053 κόσμον,
785 953 855 1035 ἀπὸ
873 961 946 1034 τῶν
964 953 1035 1036 σὺν
1052 957 1168 1035 οὐδενὶ
1180 952 1308 1060 κόσμῳ
1322 961 1433 1060 φερο-

376 1090 493 1190 μένων
522 1090 666 1188 ἀτόμων
698 1094 958 1189 κεκοσμῆσθαι,
984 1092 1043 1170 καὶ
1075 1090 1259 1192 γεγονέναι
1290 1088 1458 1186 κόσμου5

378 1226 578 1321 ἀκοσμίανς
607 1229 684 1308 πῶς
712 1222 750 1302 δὲ
777 1220 934 1322 κινήσεις
956 1226 1016 1304 καὶ
1043 1221 1146 1306 ὀδοάς
1171 1222 1359 1306 εὐτάκτους
1388 1223 1436 1328 ἐξ

377 1358 532 1439 ἀτάκτου
549 1352 804 1459 προσάγεσθαι
832 1359 969 1459 φοράςς
998 1361 1076 1440 πῶς
1098 1353 1220 1454 δὲτὴν
1237 1354 1426 1456 παναρμό-

378 1528 453 1574 νιον
479 1499 551 1571 τῶν
577 1491 751 1593 οὐρανίων
778 1491 931 1593 χορείαν,
954 1489 998 1596 ἐξ
1026 1491 1197 1587 ἀμούσων
1227 1496 1286 1569 καὶ
1314 1492 1428 1590 ἀναρ-

377 1627 526 1725 μόστων
544 1624 711 1731 συνᾴδειν
729 1622 919 1727 ἀργάνων;

387 1839 390 1843 ,
435 1763 527 1842 Τίνα
546 1761 583 1840 δὲ
601 1765 660 1842 καὶ
677 1760 823 1864 τρόπον,
837 1766 919 1856 μιᾶς
938 1760 1050 1858 οὔσης
1064 1762 1122 1838 καὶ
1138 1763 1202 1856 τῆς
1213 1760 1321 1857 αὐτῆς
1336 1761 1431 1840 ἀττα-
1445 1798 1478 1838 ιο

378 1903 457 1976 σῶν
485 1896 619 1991 οὐσίας,
638 1899 696 1975 καὶ
717 1899 782 1992 τῆς
805 1896 914 1992 αὐτῆς
939 1892 1127 1998 ἀφθάρτου
1151 1891 1306 2002 φάσεως,
1329 1893 1431 1994 πλὴν

378 2037 450 2110 τῶν
477 2034 650 2131 μεγεθῶν,
663 2027 711 2111 (ἀς
739 2034 845 2133 φασι,
864 2031 922 2107 καὶ
949 2033 1022 2106 τῶν
1048 2025 1258 2131 σχημάτων·
1290 2027 1336 2108 roi
1363 2029 1431 2126 μέν

377 2169 457 2245 ε’στι
475 2171 562 2260 θεῖα,
581 2166 640 2243 καὶ
657 2161 829 2268 ἀκήρατα,
853 2167 912 2244 καὶ
935 2162 1070 2261 αἰώνια,
1089 2167 1136 2246 ὡς
1154 2165 1254 2243 αι’σοὶ
1272 2162 1430 2266 φήσαιεν

377 2297 432 2396 ἀν,
450 2299 616 2397 στόματα,
634 2296 658 2398 ή
677 2297 887 2401 μακραίωνά
905 2333 945 2400 γε
964 2298 1055 2382 κατὰ
1073 2297 1137 2377 τὸν
1162 2300 1273 2382 οὕτως
1292 2299 1426 2398 ὄνομά·

376 2467 506 2532 σαντα,
525 2432 722 2539 φαινόμενά
738 2467 776 2514 τε
795 2437 853 2514 καὶ
866 2437 998 2540 ἀφανῆ·
1018 2431 1215 2540 φαινόμενα
1226 2433 1300 2531 μὲν,
1314 2435 1427 2534 ἥλιος,
1441 2474 1475 2532 1⁵

377 2574 436 2651 καὶ
454 2569 603 2669 σελήνη,
622 2573 680 2650 καὶ
699 2569 858 2673 ἀστέρες,
877 2574 925 2671 γῆ
948 2604 996 2666 τε,
1016 2571 1074 2649 καὶ
1102 2570 1208 2672 ὕδωρ·
1238 2571 1359 2675 ἀφανῆ
1378 2569 1426 2667 δὲ,

377 2706 454 2785 θεοί
466 2738 515 2801 τε,
529 2707 587 2783 καὶ
606 2704 777 2802 δαίμονες,
797 2706 855 2784 καὶ
874 2704 994 2808 φυχαί
1003 2743 1011 2796 3
1041 2711 1156 2782 ταῦτα
1174 2702 1245 2805 γάρ
1264 2701 1344 2784 οὐδὲ
1362 2705 1422 2785 θέ-

378 2848 513 2936 λοντες,
532 2837 701 2941 ὑπάρχειν
715 2835 946 2937 ἀρνήσασθαι
965 2835 1142 2919 δύνανται.
1167 2836 1212 2917 roi
1230 2836 1268 2917 δὲ
1285 2870 1422 2939 μακρο-

377 3017 410 3055 το
437 2998 556 3056 nuribus
587 2997 697 3061 audiat,
725 2998 873 3075 ingentem
925 2996 1055 3055 omnium
1076 2998 1202 3057 essentia
1221 2997 1259 3056 sit
1273 2996 1426 3077 innorrup.

312 3078 316 3084 '
376 3078 451 3135 hanc
461 3077 589 3142 domum,
605 3095 642 3135 ex
656 3076 728 3135 ooelo
739 3086 874 3153 terraque
925 3076 1073 3153 tibilisque
1095 3087 1207 3144 natura,
1229 3076 1301 3143 solo,
1325 3088 1360 3135 ut
1382 3078 1423 3136 ni·
1438 3094 1475 3134 20

376 3166 566 3225 constantem,
579 3156 628 3232 qui
636 3192 639 3198 .
648 3168 768 3291 propter
781 3157 873 3215 maxi·
926 3167 990 3225 unt,
1005 3157 1239 3233 magnitudinum
1252 3156 1425 3235 figurarum.

376 3256 452 3295 nrum
463 3234 542 3293 iliam
555 3246 585 3295 et
596 3235 702 3312 multip
715 3235 798 3300 icem,
809 3255 874 3311 qum
924 3257 982 3314 que
1001 3236 1186 3307 discrimine3
1208 3258 1361 3315 corporum
1379 3248 1424 3297 ts·

375 3316 445 3375 huic
477 3313 594 3381 insidet,
623 3315 772 3392 snpientiae
803 3316 873 3379 vim.
924 3336 1003 3383 men.
1019 3317 1075 3376 alia
1094 3318 1236 3394 quosdam,
1252 3328 1286 3375 ut
1303 3317 1360 3395 ipsi
1375 3338 1424 3375 vo·

376 3395 503 3455 mundus
511 3407 641 3461 vocatur,
651 3396 687 3453 ab
696 3398 801 3454 atomis
809 3415 874 3472 qum
925 3408 1001 3466 cant,
1023 3397 1121 3456 divina
1146 3407 1224 3466 sunt,
1245 3397 1315 3455 fatis
1336 3416 1423 3477 supe·

375 3476 457 3536 nullo
471 3476 603 3536 feruntur
616 3475 728 3542 ordine,
743 3476 874 3536 ordinem
924 3477 1010 3545 riom,
1036 3488 1066 3536 et
1092 3476 1275 3555 sempiterna,
1297 3477 1344 3535 rel
1369 3480 1422 3535 mvi
1437 3494 1472 3554 25

375 3568 463 3635 atque
489 3567 625 3616 ornatum
649 3577 763 3615 omnem
792 3576 872 3615 uoce-
924 3556 1084 3623 enitemur
1098 3577 1156 3615 non
1171 3578 1256 3615 nemo
1269 3557 1347 3634 loqui
1362 3578 1421 3615 ms·

374 3638 460 3716 pisse,
491 3658 524 3697 so
551 3637 797 3717 perturbationem
829 3636 872 3715 ip·
924 3636 990 3703 luit.
1013 3636 1170 3715 longioris:
1200 3657 1292 3714 enque
1316 3638 1422 3719 purtim

374 3737 435 3775 snm
447 3718 627 3776 inmundum
637 3738 698 3776 esse
708 3720 870 3776 mutatum?
924 3716 987 3775 visu
1003 3718 1214 3797 percipiuntur,
1229 3728 1263 3775 ut
1274 3716 1327 3783 sol,
1342 3717 1421 3787 luna,

374 3796 451 3867 Quis
471 3808 563 3856 statos
581 3798 647 3856 illos
669 3808 766 3856 motus
784 3809 873 3875 utque
923 3796 1025 3863 stelin,
1041 3807 1128 3864 terro,
1143 3808 1174 3856 et
1194 3816 1287 3875 aqun3
1316 3798 1422 3877 purtim

374 3878 584 3945 conversiones.
622 3897 659 3935 ex
695 3879 872 3937 inconstanti
922 3896 1038 3935 sensum
1053 3878 1183 3954 fugiunt,
1199 3888 1233 3937 nt
1247 3876 1299 3944 dii,
1315 3877 1422 3936 daemo-
1432 3898 1473 3955 30

373 3955 616 4035 quodsmimpetu
625 3956 784 4033 proticisci?
796 3956 872 4028 Quis
924 3976 984 4025 nes,
997 3971 1027 4015 et
1041 3958 1151 4015 animi?
1173 3958 1246 4015 Haec
1260 3958 1337 4016 enim
1349 3976 1421 4019 esse.

373 4035 535 4096 absolutam
573 4055 668 4095 rernm
710 4036 871 4095 ooeiestium
922 4048 957 4095 ut
975 4038 1098 4095 maxime
1117 4037 1218 4106 velint,
1239 4057 1344 4115 negare
1363 4058 1421 4095 uon

372 4117 561 4182 harmoniam,
590 4136 627 4175 ex
655 4115 811 4175 inconditis
841 4127 872 4176 et
922 4127 1053 4195 possunt.
1080 4116 1307 4175 Alindiutnrnae
1321 4116 1422 4175 admo.

372 4197 552 4257 inoonoinuis
574 4197 775 4255 instrumentis
795 4207 869 4256 tem.
922 4197 991 4256 dum
1021 4198 1096 4264 vitm,
1126 4197 1188 4255 sive
1218 4198 1420 4263 animantium,

373 4277 488 4355 peruri?
920 4278 982 4336 sive
993 4277 1157 4356 plantarum
1169 4296 1206 4334 ex
1217 4284 1339 4355 genere}
1359 4278 1420 4335 nni·
1432 4302 1468 4359 35

413 4357 569 4429 Quomodo
590 4368 698 4423 sutem,
724 4377 781 4415 une
802 4378 869 4416 cnm
920 4360 1071 4425 muntium,
1090 4368 1123 4416 ut
1145 4378 1212 4417 sves
1234 4359 1310 4415 inter
1326 4356 1420 4433 (quod
