3242 5150
396 388 462 452 804
583 387 858 452 CONCILIUM
884 388 1210 453 ARELATENSE
1236 389 1264 452 1.

439 558 664 639 Ambitausus,
689 559 907 635 b'sarmatius
933 560 1103 638 Meroeles,
1132 560 1266 638 Pardus,
1291 559 1448 637 Adellius,

438 672 650 749 cHibomius‚
672 672 883 746 Fortunatus,
899 671 1114 746 dAristasius
1137 671 1343 757 Lampadius‚
1361 672 1449 736 Vita-

437 782 488 859 lis,
509 782 689 861 Maternus,
707 783 867 861 Liberius,
879 784 1060 869 Gregorius,
1084 786 1248 861 Crescens,
1265 783 1446 860 Avitianus,

437 895 571 969 Dafnus,
604 893 785 974 orientalis,
817 895 1014 977 Quintasius,
1050 896 1169 973 Victor,
1205 895 1383 981 Epictetus,
1413 894 1445 957 in

436 1005 575 1070 Domino
589 1015 744 1071 aeternam
758 1007 904 1072 salutem.

436 1116 593 1181 Gonnum
624 1116 737 1201 oopula
764 1117 910 1181 ueritatis
941 1124 974 1181 et
1005 1117 1130 1181 unitate
1160 1117 1274 1181 matris
1304 1117 1444 1182 eeelesiae

393 1227 556 1292 eatholioae
577 1228 701 1292 rineulo
724 1228 924 1302 inhaerentes,
951 1229 993 1292 ad
1020 1228 1254 1292 Arelatensium
1281 1229 1443 1293 eivitatem

392 1336 525 1421 piissimi
550 1337 760 1424 Imperatoris
785 1338 950 1402 voluntate
973 1337 1112 1411 adducti,
1139 1337 1211 1401 iude
1234 1345 1278 1412 te,
1306 1337 1442 1424 eglorio

392 1448 515 1513 sissimo
544 1451 647 1536 Papa,
676 1451 894 1515 *oommerita
924 1451 1102 1516 reverentia
1131 1450 1316 1516 salutamus.
1376 1449 1441 1514 Ubi

389 1582 504 1646 graves
517 1583 555 1625 ao
571 1561 763 1647 perniciosos
782 1561 844 1646 legi
864 1569 983 1625 nostres
1003 1569 1101 1646 atquo
1115 1561 1292 1638 traditioni,
1308 1561 1441 1626 effreno·

390 1676 497 1754 taequo
510 1670 627 1736 mentis
642 1671 785 1735 homines
799 1670 1004 1756 pertulimus:
1027 1692 1106 1756 quos
1120 1678 1153 1735 et
1170 1671 1230 1734 Dei
1245 1672 1348 1736 nostri
1364 1693 1442 1757 prae·

390 1801 462 1843 sens
483 1780 668 1856 auotoritas,
686 1788 720 1845 et
739 1781 872 1845 traditio
893 1803 931 1844 eo
951 1780 1060 1865 regula
1082 1780 1227 1845 veritatis
1246 1781 1293 1844 ita
1306 1779 1443 1866 respuit,

389 1897 427 1954 ut
441 1891 528 1954 nulla
542 1891 575 1953 in
590 1891 651 1955 illis
665 1900 722 1956 aut
737 1892 862 1956 dicendi
877 1893 961 1957 ratio
980 1893 1179 1971 subsisteret,
1194 1903 1251 1958 aut
1271 1889 1442 1957 aeeusandi

389 2001 503 2064 modus
524 2001 614 2077 ullus,
630 2009 688 2065 aut
709 2002 858 2086 probatio
874 2003 1073 2068 conveniret:
1100 2003 1172 2067 ideo
1190 2002 1296 2088 judioe
1316 2002 1390 2066 Deo
1409 2006 1441 2064 et

388 2116 492 2175 matre
506 2110 648 2188 ecelesia,
666 2133 737 2194 quae
755 2132 829 2174 suos
850 2110 939 2173 novit
954 2118 987 2175 et
1007 2114 1204 2194 comprobat,
1219 2119 1276 2176 aut
1296 2109 1443 2175 damnati

389 2227 473 2298 sunt,
497 2227 555 2285 aut
575 2220 702 2305 repulsi.
750 2221 795 2284 Et
817 2221 950 2300 utinam,
967 2222 1068 2286 frater
1089 2222 1298 2301 dilectissime,
1314 2223 1359 2287 ad
1380 2221 1440 2284 hoo

389 2335 514 2394 tantum
530 2329 743 2416 speetaoulum
758 2331 912 2396 interesse
926 2332 1010 2396 tanti
1026 2333 1161 2398 fecisses.
1207 2333 1359 2398 Proleeto
1375 2355 1439 2398 ore-

388 2441 502 2520 dimus,
524 2441 599 2527 quia
620 2442 653 2505 in
675 2464 729 2506 eos
750 2443 888 2508 severior
911 2443 1022 2507 luisset
1043 2445 1204 2510 sententia
1228 2445 1377 2528 prolata:
1405 2450 1438 2508 et

388 2565 423 2617 te
436 2553 558 2639 pariter
577 2553 740 2619 nobiseum
757 2554 931 2641 judicante,
948 2562 1050 2620 eoetus
1065 2563 1174 2621 noster
1189 2558 1308 2641 majore
1323 2555 1438 2622 laetitia

386 2666 572 2731 exultasset.
617 2666 681 2731 Sed
696 2668 846 2753 qnoniam
865 2668 1012 2731 recodere
1032 2690 1052 2732 a
1071 2669 1217 2754 partibus
1234 2669 1294 2733 illis
1308 2668 1438 2733 minime

385 2777 529 2861 potuisti,
555 2777 588 2841 in
612 2778 726 2862 quibus
750 2786 783 2843 et
805 2779 942 2865 apostoli
968 2778 1108 2865 quotidie
1134 2781 1256 2859 sedent,
1283 2788 1317 2845 ot
1343 2800 1437 2846 eruor

386 2887 527 2972 ipsomm
556 2888 624 2953 sino
652 2889 883 2955 intermissione
909 2890 970 2955 Dei
999 2890 1133 2976 gloriam
1159 2898 1306 2956 testatur.
1362 2891 1436 2955 Non

386 3003 495 3061 temen
510 2996 579 3061 haeo
593 2997 661 3062 sola
676 3000 767 3062 nobis
781 3000 848 3063 visa
863 3007 938 3064 sunt
952 3002 1134 3079 tremenda,
1149 3002 1249 3066 freter
1264 3001 1434 3076 rarissime,

385 3107 428 3170 ad
444 3129 514 3191 quae
529 3107 690 3172 ineramus
704 3108 840 3174 invitati.
886 3111 949 3176 Sed
965 3119 998 3176 et
1013 3112 1237 3177 consulendum
1253 3112 1435 3198 nobisipsis

385 3219 579 3283 oonsuimus:
603 3226 638 3283 ot
660 3242 733 3283 oum
753 3220 885 3286 divorsae
905 3224 969 3287 sint
991 3224 1159 3309 provineiae
1181 3246 1221 3290 ex
1243 3225 1357 3309 quibus
1379 3225 1435 3290 ad·

384 3328 537 3405 venimus,
548 3329 596 3393 ita
606 3337 640 3393 et
654 3330 743 3395 varia
756 3331 956 3415 contingunt,
967 3356 1037 3418 quae
1049 3356 1107 3399 nos
1118 3356 1280 3401 oensemus
1296 3336 1432 3413 tobser·

383 3458 458 3504 varo
487 3438 612 3504 debere.
658 3440 784 3507 Plaouit
809 3464 896 3528 ergo,
925 3451 1082 3529 praesente
1112 3446 1231 3532 Spiritu
1261 3454 1373 3512 saneto
1398 3452 1431 3510 et

384 3548 506 3634 angelis
520 3549 599 3636 ejus,
613 3558 651 3616 ut
666 3557 700 3616 et
719 3552 769 3617 his
783 3552 837 3638 qui
856 3552 996 3639 singulos
1012 3576 1090 3639 quos
1095 3603 1258 3620 ............
1263 3554 1429 3621 ‘movebat

378 3660 525 3745 judicare
539 3662 752 3748 proferremus
767 3665 807 3728 de
824 3663 932 3749 quiete
945 3666 1106 3749 praesenti.
1151 3666 1306 3751 ssPlaenit
1320 3668 1427 3745 etiam,

413 3890 426 3925 ὗ
437 3893 497 3940 MS.
511 3892 683 3943 Terminatlns.
763 3894 848 3955 esorto
859 3894 974 3946 Eburius.
1047 3898 1134 3957 “sorte
1142 3897 1295 3947 Anastasius.
1374 3896 1427 3945 eal.

380 3974 563 4038 religiosissime.
670 3976 732 4025 ¹110
743 3978 803 4027 MS.
815 3978 916 4028 Coltsrl.
928 3980 969 4041 qut
980 3984 1004 4028 rt
1015 3978 1136 4027 Piltoeun.
1147 3980 1190 4028 sed
1199 3982 1264 4028 loeus
1274 3978 1368 4028 uidem
1378 3992 1427 4027 oreo

377 4058 484 4106 muta

412 4213 426 4241 ⁸
437 4213 505 4278 (eum
515 4214 776 4276 monendomum
788 4218 881 4265 eontra
894 4218 1047 4265 Creroosuum
1058 4215 1091 4263 iil.
1103 4214 1155 4280 81.)
1241 4212 1335 4278 †(sor.
1346 4213 1425 4261 obser-

377 4294 451 4361 vari.)
569 4296 696 4361 1(Hutst,
708 4296 803 4346 Plourit
813 4297 886 4346 stiam
895 4306 1025 4360 antequam
1034 4313 1050 4346 u
1058 4308 1091 4359 te,
1102 4298 1250 4346 Simondm.
1274 4297 1323 4343 An.
1334 4293 1422 4356 opens.

378 4378 473 4428 Pluouit
480 4379 553 4428 etism
564 4380 693 4443 mtiqnum
703 4379 835 4444 approbate
845 4392 861 4427 a
871 4376 925 4441 tol)
