3242 5150
500 426 533 488 S.
553 425 740 490 PETRUS
763 427 911 491 ALEX.
1186 433 1230 501 29

177 598 276 696 ἡμῖν,
296 596 339 676 οὗ
357 596 379 695 ἡ
398 595 492 700 α’ρχὴ
518 598 575 676 ε’πὶ
598 604 662 676 τοῦ
685 594 783 698 ῶμου
798 599 917 695 αὐτοῦ,
933 601 991 679 καὶ
1008 608 1169 681 καλεῖται
1187 601 1229 682 τὸ

178 731 296 828 ὄνομα
314 731 433 826 αὐτοῦ,
447 729 607 832 μεγάλης
624 735 761 829 βουλῆς
774 731 942 834 ἅγγελος.
965 733 1063 838 ὅπερ,
1077 739 1124 820 ῶς
1139 736 1230 836 ἰὀτε,

179 871 236 949 οἑν
255 874 307 976 τῶ
326 869 415 976 ἕκτῳ
433 872 517 969 μηνὶ
535 873 598 968 τῆς
621 866 846 975 συλλήψεως
864 879 929 951 τοῦ
954 871 1073 975 ἑτὲρου
1089 876 1231 955 παιδίου

179 1010 268 1082 ι’τοῦ
280 1002 570 1110 προκηρύξαντος
583 1001 654 1106 πρὸ
666 1004 868 1108 προσώπου
884 1010 947 1104 τῆς
966 1005 1108 1088 εὶσύδου
1121 1009 1231 1088 αὐτοῦ

153 1136 373 1237 5μετοὶνοιαν
391 1144 439 1223 εἷς
463 1140 597 1247 ἄφεσιν
619 1141 811 1242 ἁμαρτιῶν,
830 1141 1046 1250 συνελήφθη
1065 1147 1123 1223 καὶ
1145 1142 1232 1224 αὐτὸ

183 1272 335 1381 κηρύξαι
369 1273 567 1373 μετάνοιαν.
613 1277 672 1354 καὶ
708 1273 780 1377 γὰρ
817 1281 875 1356 καὶ
906 1284 979 1356 τῶν
1020 1279 1232 1386 ἀμφοτέρων

182 1407 358 1508 ἀκούομεν
376 1412 415 1488 ε’ν
434 1409 589 1513 πριύτοις
607 1409 852 1514 κηρυττόντων
877 1413 918 1490 ού
940 1409 1051 1511 μόνον
1064 1417 1147 1517 περὶ
1164 1448 1230 1514 με·

184 1545 339 1641 τανοίας,
356 1543 457 1624 ἀλλὰ
475 1548 534 1624 καὶ
557 1548 638 1649 περὶ
663 1546 854 1642 βασιλείας
876 1548 1044 1650 οὐρανῶν,
1064 1548 1138 1647 rins
1165 1583 1229 1628 κα-

186 1678 258 1763 θῶς
276 1677 539 1780 μεμαθήκαμεν,
562 1678 686 1764 θέντος
704 1681 805 1780 ἡμῶν
822 1683 912 1778 ἐστὶ,
932 1687 1000 1788 1Γτῶ
1013 1680 1120 1784 ἐγγύς
1134 1683 1235 1783 ἡμῶν

143 1810 275 1892 meinai
293 1813 335 1892 τὸ
353 1818 451 1918 ῥημα
469 1813 489 1894 ὃ
506 1815 722 1914 πιστεύομεν
740 1818 778 1896 ἐν
795 1822 847 1924 τῶ
860 1813 1017 1914 στόματι
1029 1818 1162 1896 ἑαυτῶν
1175 1821 1234 1897 καὶ

184 1951 222 2028 ε’ν
240 1954 287 2054 τῇ
306 1951 432 2056 καρδίη
445 1952 588 2031 ἑαυτῶν.
606 1953 688 2053 περὶ
706 1949 749 2049 ἧς
762 1954 820 2029 καὶ
835 1950 935 2029 αὐτοὶ
948 1951 1234 2049 ὑπομνησθέντες

183 2081 411 2182 μαθήσονται
445 2087 635 2187 ὁμολογεῖν
667 2088 704 2164 ἑν
735 2092 787 2193 τῷ
819 2083 975 2183 στόματι
1011 2087 1147 2165 ἑαυτῶν
1179 2086 1234 2164 &a

187 2216 319 2320 Κύριος
334 2220 487 2318 Ἰησοῦς·
515 2218 744 2304 πιστεύοντες
761 2222 856 2324 ε’ντῇ
874 2219 1002 2325 καρδίᾳ
1019 2222 1163 2317 ἑαυτῶν,
1177 2219 1232 2299 im

185 2351 319 2437 ὁθεὸς
346 2353 455 2433 αὐτὸν
476 2354 614 2457 ἤγειρεν
638 2357 677 2433 ἐκ
702 2361 844 2457 νεκρῶν·
879 2352 940 2432 ἅτε
968 2353 1012 2453 δὴ
1037 2354 1234 2452 ἀκούοντες,

144 2511 175 2571 Ι5
186 2488 239 2567 ὅτι
256 2490 385 2596 καρδίᾳ
403 2488 468 2588 μὲν
485 2489 690 2569 πιστεύεται
708 2495 755 2574 εἰς
774 2489 1013 2589 δικαιοσύνην,
1027 2487 1183 2588 στόματι
1197 2487 1235 2569 δὲ

187 2626 418 2727 ὁμολογεῖται
436 2630 483 2708 εἰς
502 2625 694 2728 σωτηρίαν.

581 2844 765 2921 ΚΑΝΩΝ
793 2838 843 2918 4⁴.

241 3002 329 3080 Τοῖς
347 2995 386 3075 t}
407 2996 558 3081 δούλους
578 2996 818 3101 Χριστιανούς
839 2999 916 3077 ἀνθ’
937 2998 1072 3076 ἑαυτῶν
1098 2998 1232 3092 ι’τποβε·

190 3202 235 3252 tus
247 3196 313 3273 ejus
326 3194 565 3272 superbonorum
577 3197 686 3274 ejece!
737 3194 871 3263 dicimus,
896 3193 973 3251 intro
1000 3212 1052 3250 nos
1076 3202 1130 3258 est,
1156 3191 1236 3268 quod

147 3289 181 3328 20
190 3274 336 3333 vocabitur
346 3295 442 3333 nomen
449 3274 614 3353 ιγύςιααςπί
622 3295 686 3333 eon-
738 3294 828 3352 prope
838 3293 892 3331 nos
901 3273 940 3332 sit
953 3273 1071 3331 verbum
1084 3272 1163 3349 quod
1173 3292 1236 3330 cre-

190 3354 248 3411 citii
261 3354 402 3433 angelus:
426 3355 487 3431 qui,
503 3364 537 3412 ut
551 3355 640 3421 scitis,
656 3355 686 3411 in
738 3354 834 3412 dimus
853 3354 883 3411 in
905 3373 955 3411 ore
974 3363 1083 3418 nostro.
1098 3363 1130 3410 et
1150 3351 1236 3410 corde

191 3443 273 3493 sexto
301 3454 401 3493 mense
425 3435 622 3513 conceptionis
646 3434 687 3492 ol·
738 3444 853 3491 nostro:
872 3433 950 3510 quod
968 3432 1112 3491 Dominus
1126 3441 1170 3490 est
1184 3432 1236 3489 Je-

191 3515 280 3573 terius
302 3514 430 3579 infantis.
449 3516 499 3593 qui
522 3515 688 3592 praedicavit
739 3533 806 3582 sus3
838 3513 989 3572 credentes
1011 3512 1041 3569 in
1065 3512 1151 3571 corde
1173 3532 1236 3577 sno,

192 3596 372 3671 cntesnciem
382 3598 520 3655 adventus
529 3598 592 3676 ejus
600 3596 688 3675 pomi-
738 3592 817 3671 quod
833 3593 916 3651 Deus
930 3595 1024 3672 ipsum
1036 3593 1186 3651 suscitavit
1199 3611 1236 3649 ex

151 3691 164 3727 2
167 3685 183 3747 5
193 3675 306 3733 tentiam
325 3675 356 3732 in
371 3676 567 3735 remissionem
588 3696 689 3755 pecca.
739 3673 880 3732 mortuis:
902 3685 994 3751 utque
1012 3672 1143 3739 audiunt,
1157 3671 1236 3750 quod

194 3762 298 3821 torum,
323 3768 481 3835 conseptus
504 3766 549 3814 est
572 3768 603 3815 et
627 3756 689 3831 ipse
739 3753 824 3811 corde
836 3754 964 3812 ereditur
974 3753 1014 3810 od
1019 3752 1179 3831 justitium,
1188 3772 1237 3809 ore

194 3832 229 3890 sd
244 3835 455 3913 praedicandam
475 3836 687 3915 poeniteutiam.
739 3842 832 3892 cutem
846 3832 1031 3911 confessiofit
1044 3832 1226 3890 adsalutem.

195 3910 311 3973 Etenim
327 3926 466 3993 utrosque
479 3916 644 3974 audivimus
657 3917 687 3974 in

196 3993 292 4068 primis
308 3996 497 4074 praedicnntes
515 4016 574 4054 non
594 3996 688 4055 solum
872 3976 1024 4036 CANON
1047 3976 1104 4034 Vl·

155 4070 230 4142 3ode
244 4076 425 4152 poenitentia,
440 4076 491 4135 sed
505 4088 536 4135 et
550 4076 586 4135 de
600 4096 689 4154 regno
781 4075 823 4134 Iis
840 4085 938 4133 autem
953 4074 1003 4153 qui
1021 4093 1119 4131 servos
1138 4070 1237 4128 Chris-

197 4151 344 4213 caelorum:
367 4156 446 4233 quod
460 4155 587 4233 quidem,
601 4168 634 4215 ut
645 4156 688 4214 di·
740 4156 835 4215 tianos
868 4175 921 4234 pro
952 4174 984 4213 se
1021 4152 1236 4221 submiserunt,-

389 4320 504 4369 ⁰11uoi.
518 4320 557 4383 56.
846 4321 929 4368 νλοι.
938 4318 989 4367 xiii.
1002 4332 1040 4380 ²3·

390 4412 402 4451 υ
417 4401 474 4451 Luc.
488 4402 594 4451 xviim.
842 4412 854 4441 r
868 4402 971 4451 Roma⁸
984 4402 1040 4463 8,9‚
1051 4413 1087 4447 10.
