3242 5150
356 385 422 452 816
540 387 813 452 CONCILIUM
839 388 1162 455 ARELATENSE
1187 390 1215 453 I.

356 556 473 623 irrroris
485 558 639 624 sudnois!
663 558 746 624 siout
768 559 800 625 in
816 559 919 626 oensis
937 559 1081 647 gentium
1103 559 1172 624 fieri
1190 559 1283 636 solet,
1298 557 1405 643 eppei·

356 666 509 734 intionem
531 666 801 753 interposuerunt.
846 669 1004 754 Equidem
1024 676 1146 756 gentes,
1162 669 1286 734 minore
1306 667 1404 732 inter·

356 779 434 843 dum
454 776 575 863 judioie
599 777 803 863 refugientes,
825 779 879 844 ubi
901 779 1030 865 justitie
1053 779 1264 866 ”deprehendi
1288 786 1405 866 potest,

356 889 459 974 mugis
472 889 515 954 sd
537 888 661 974 majore
677 889 799 976 judiois
819 889 1015 956 auotoritste
1028 889 1220 976 interposite
1238 890 1281 955 sd
1299 888 1406 975 appel·

356 999 509 1066 lationem
522 1020 557 1063 se
572 999 716 1064 oonierre
729 1008 805 1065 suut
819 999 932 1066 solitte.
963 999 1047 1082 Quid
1062 1000 1095 1064 hi
1107 1000 1305 1065 detractores
1318 997 1405 1084 legis,

357 1109 413 1194 qui
435 1114 607 1174 renuentes
628 1107 754 1174 eoeleste
772 1109 937 1194 judicium,
958 1130 1063 1174 meum
1085 1116 1278 1196 putsverunt
1300 1116 1407 1194 postu·

356 1219 508 1284 nudum!
529 1217 574 1283 sio
588 1219 708 1284 sentire
721 1219 762 1283 de
776 1218 906 1286 Ohristo
918 1219 1103 1285 Salvatore!
1128 1219 1212 1284 Eone
1223 1219 1292 1304 jem
1302 1216 1407 1304 prodi·

357 1335 458 1406 tores,
480 1348 553 1392 eooe
573 1328 641 1393 siue
660 1327 726 1392 ullu
747 1327 863 1393 seriori
887 1327 1115 1413 disquisitione,
1141 1327 1203 1414 ipsi
1225 1349 1283 1415 per
1307 1333 1408 1393 semet

357 1438 567 1525 prodiderunt
589 1439 732 1505 t'uoiuore
756 1461 824 1504 sue.
870 1440 949 1521 Quae
970 1440 1013 1506 eb
1037 1439 1114 1525 ipsis
1135 1439 1273 1505 sentitur
1294 1439 1406 1503 hume·

357 1549 454 1628 nitns,
479 1549 534 1636 qui
556 1549 612 1613 ⁰in
634 1549 705 1635 ipso
727 1549 798 1615 Deo
820 1549 974 1616 immunes
993 1549 1216 1635 prosilierunt!
1239 1548 1408 1633 Equidem,

357 1659 476 1726 iratres
496 1659 660 1739 esrimimi
675 1660 750 1726 dost
771 1660 840 1725 hmo
861 1660 895 1724 iu
916 1659 993 1746 ipsis
1014 1659 1182 1726 videantur
1201 1657 1406 1743 deprehenso.

358 1769 561 1834 nihilomiuus
586 1791 655 1846 vos,
682 1769 737 1855 qui
763 1769 895 1834 Domini
918 1769 1095 1835 Solvetoris
1124 1767 1289 1854 sequimini
1314 1765 1409 1844 viem,

358 1878 549 1963 patientium
568 1878 730 1956 adhibete,
745 1879 826 1944 data
847 1878 898 1944 his
919 1879 1024 1944 sdhuo
1045 1878 1175 1963 optione
1197 1876 1272 1963 quid
1294 1881 1409 1960 putent

360 1987 582 2074 deligendum:
606 2008 644 2053 ue
659 1987 686 2050 si
701 2008 756 2052 eos
769 1987 802 2051 in
818 1987 940 2052 hisdem
954 1986 1098 2052 videritis
1113 2007 1324 2072 perseverare,
1339 2004 1410 2070 pro·

358 2097 446 2162 tinus
467 2117 540 2160 oum
563 2096 613 2161 his
635 2118 716 2181 quos
736 2097 1029 2182 Dominusdiguos
1053 2094 1141 2161 eultu
1166 2116 1225 2160 suo
1243 2093 1409 2180 judiesrit.

359 2205 593 2292 proiieiseimini
608 2217 643 2272 et
656 2207 760 2273 redite
774 2208 818 2273 sd
837 2207 983 2294 proprias
1003 2207 1095 2272 sodes
1102 2229 1113 2283 3
1135 2205 1260 2289 meique
1274 2224 1412 2269 memen-

359 2325 439 2397 tote,
455 2325 493 2383 ut
510 2318 575 2382 mei
594 2318 743 2384 Salvator
763 2325 875 2384 noster
889 2340 1014 2403 semper
1032 2316 1231 2382 misereatur.
1260 2315 1410 2381 Ceterum

358 2427 462 2492 direxi
480 2449 570 2494 meos
588 2428 744 2507 homiues,
758 2429 813 2514 qui
833 2429 961 2495 eosdem
976 2427 1123 2493 intendes
1140 2427 1326 2511 deceptores
1339 2424 1410 2490 reli·

358 2536 462 2623 gionis
489 2538 637 2624 protinus
665 2541 708 2605 ed
732 2538 922 2606 semitutum
950 2558 1055 2605 meum
1084 2535 1271 2623 perduoent,
1299 2541 1336 2600 ut
1347 2533 1410 2599 ‘ibi

360 2650 490 2736 degent,
505 2648 550 2714 ibi
564 2649 624 2715 sibi
642 2656 780 2715 mortem
798 2649 993 2735 pervideant.
1037 2647 1121 2713 Dedi
1141 2667 1266 2731 quoque
1285 2645 1411 2711 litteras

361 2756 1411 2847 competentesedeum‚qu1meamempraeieoturnmperAfnesm

360 2878 490 2948 tuetur3
511 2877 549 2935 ut
564 2877 723 2956 quotquot
737 2870 856 2956 hujus'
847 2872 978 2937 rusnuiee
993 2870 1110 2935 similes
1124 2868 1289 2945 invenerit,
1301 2865 1411 2932 stetim

361 3002 417 3044 sos
430 2980 473 3045 sd
487 2980 676 3045 oomitetum
690 3003 795 3047 meum
810 2981 948 3067 dirigut3
970 3002 1011 3046 ne
1025 2979 1158 3044 ulterius
1172 2978 1231 3043 sub
1246 2984 1340 3043 teuta
1349 2976 1412 3041 ols-

360 3089 459 3154 ritete
473 3089 535 3154 Dei
558 3090 661 3155 nostri
682 3112 723 3155 ea
743 3092 786 3155 eb
808 3090 886 3176 ipsis
899 3090 989 3167 fiunt,
1006 3110 1077 3174 quae
1097 3089 1269 3154 maximam
1287 3086 1411 3152 imouu·

342 3174 347 3193 ¹
361 3197 447 3263 dium
461 3198 598 3263 oaelestis
612 3198 817 3284 providentie
831 3198 956 3285 possint
977 3198 1120 3263 inoitsre.
1166 3197 1343 3263 lnoolumes
1357 3217 1412 3261 vos

361 3309 450 3375 Deus
469 3310 671 3396 omnipotens
687 3310 811 3377 tribunt
826 3310 909 3375 votis
928 3310 1007 3375 meis
1021 3316 1055 3375 et
1074 3310 1187 3376 vestris
1207 3328 1266 3395 per
1285 3308 1412 3385 saeouls,

363 3418 480 3483 fratres
494 3420 658 3485 mfissimi.
703 3428 798 3487 Extat
817 3428 879 3488 haeo
900 3427 1033 3507 Epistola
1047 3448 1115 3506 pag.
1130 3428 1200 3487 268.
1214 3429 1286 3487 tomi
1301 3429 1324 3485 1.
1341 3429 1412 3486 Con-

364 3522 492 3583 eidemm
505 3523 576 3583 edit.
593 3524 751 3584 Hurduiui.

396 3692 493 3751 πίσω,
504 3694 654 3755 reprehendi.
668 3694 712 3756 (sie
722 3694 790 3757 prius
798 3694 888 3744 labbe.
919 3694 961 3741 An
974 3709 1031 3743 vero
1042 3694 1121 3757 potius
1130 3696 1282 3745 scribendum
1291 3695 1413 3755 injustitia

363 3773 546 3835 prosumiae)
648 3775 945 3838 ops-oinipsumDsum

364 3908 471 3972 Optatus
487 3926 561 3973 supn
578 3928 601 3975 p.
612 3912 668 3959 281.
686 3912 745 3961 sutis
761 3913 882 3961 eonfutsri
901 3913 997 3962 videtur
1013 3912 1123 3961 muner
1136 3912 1168 3961 V.
1180 3910 1213 3959 Ι).
1224 3912 1255 3961 ds
1272 3910 1414 3973 menime

363 3992 417 4052 ejus
427 3991 550 4056 susspicio.)
