3242 5150
374 403 439 474 396
677 403 927 482 RELIQUIAE
947 403 1123 469 SACRAE.

376 583 621 656 νουθετοῦνται
637 575 946 680 παραδειγμάτων,
963 576 1008 683 ἐξ
1024 573 1075 654 ὧν
1096 575 1264 655 δύνανται
1281 569 1423 671 μανθά-

375 745 456 807 νειν,
475 710 530 789 ὅτι
548 715 712 814 χρειῶδες
729 711 794 809 μέν
813 714 869 791 καὶ
888 709 979 814 πρὸς
998 711 1174 818 ὠφέλειαν
1193 709 1309 811 ἔργον,
1324 705 1428 786 οὐδὲν

372 844 665 943 ἀνεπιτηδεύτως,
692 844 772 924 οὐδὲ
793 852 1026 943 συμβατικῶς
1052 841 1297 947 ἀπεργάζεται,
1324 839 1427 920 ἀλλὰ

374 978 691 1084 χειρουργούμενον
704 985 752 1065 είς
769 977 835 1079 τὴν
852 979 1064 1083 πρέπουσαν
1078 979 1276 1081 ὑπηρεσίαν
1290 1007 1422 1077 καταρ-

376 1112 517 1215 τίζεται.
545 1111 633 1192 όταν
660 1111 698 1192 δέ
725 1117 774 1196 είς
801 1112 989 1217 ἄχρηστον
1012 1111 1217 1215 μεταπίπτῃ
1241 1113 1300 1189 καὶ
1327 1111 1455 1202 ἀνω-5

376 1247 496 1356 φελές,
525 1247 605 1328 τότε
633 1247 866 1346 διαλυόμενον
893 1250 1071 1352 ἀορίστως
1095 1250 1153 1328 καὶ
1186 1251 1234 1330 ὡς
1262 1243 1308 1324 ἃν
1335 1245 1428 1349 τύχῃ

377 1385 632 1482 διασκίδναται,
650 1383 712 1463 ἅτε
735 1385 860 1483 μηκέτι
883 1382 1217 1487 μεταχειριςᾚμένης,
1238 1377 1328 1479 μηδὲ
1345 1382 1423 1457 δια·

376 1518 577 1620 ταττοιίοης
595 1517 681 1600 αι’ντδ
700 1523 764 1617 τῆς
781 1520 927 1624 σοφίας,
946 1515 970 1623 ᾖ
994 1527 1058 1598 τοῦ
1083 1513 1303 1596 συνιστάνω
1320 1522 1427 1593 τοῦτο

377 1654 513 1753 ἔμελεν.
543 1653 681 1754 ίμοίτιόν
699 1689 737 1734 τε
755 1653 838 1758 γὰρ,
858 1655 899 1732 οὐ
912 1655 1020 1756 χωρὶς
1034 1658 1237 1755 ὶστουργοῦ,
1251 1683 1426 1729 συνιστα-

376 1787 492 1886 μένων
522 1795 595 1866 τῶν
623 1784 827 1887 στημόνων,
856 1785 936 1866 οὐδὲ
965 1790 1029 1883 τῆς
1061 1784 1191 1888 κρόκης
1217 1783 1478 1884 αι’ντομιίτωςιο

376 1920 726 2022 παρεμπλεκομένης,
745 1922 984 2027 ἀναφαίνεται·
1011 1925 1041 1998 εἰ
1066 1917 1104 1998 δὲ
1123 1917 1361 2020 κατατριβείη,
1380 1918 1427 1997 τὰ

377 2052 597 2132 λακισθέντα
615 2056 866 2155 διαῤῥιπτεῖται
875 2053 977 2155 ῥάκη.
996 2053 1088 2132 οίκία
1100 2085 1138 2131 τε
1150 2053 1428 2148 ἀνοικοδομεῖται

377 2189 436 2266 καὶ
453 2182 570 2282 πόλις,
590 2189 631 2265 οὐ
649 2184 731 2270 τοὺς
749 2187 815 2285 μέν
833 2222 931 2272 τινας
949 2187 1120 2292 δεχομένη
1134 2185 1309 2283 θεμελίοις
1322 2187 1428 2265 αὐτο-

377 2330 580 2420 μολοῦντας
601 2325 735 2420 λίθους,
753 2323 837 2407 τοὺς
856 2323 894 2404 δὲ
921 2326 1177 2423 ἀναπηδῶντας
1196 2329 1243 2404 εἰς
1271 2319 1335 2405 τὰς
1353 2324 1429 2402 ε’πι-

378 2456 506 2555 βολὰς,
525 2457 627 2538 ἀλλὰ
644 2458 736 2538 κατὰ
752 2458 875 2563 χώραν
895 2461 914 2538 ὁ
933 2457 1141 2562 τοιχοδόμος
1163 2455 1246 2541 τοὺς
1267 2455 1427 2540 εὐθέτους
1438 2493 1476 2554 15

375 2590 544 2697 ε’πιφερει.
581 2592 883 2696 καταρριφθείοης
902 2588 949 2688 δὲ,
969 2595 1018 2675 ὡς
1042 2588 1087 2670 ἂν
1111 2590 1272 2694 παρείκῃ,
1288 2622 1428 2669 κατενε-

379 2728 475 2829 χθεὶς
494 2726 646 2809 ἕκαστος
659 2725 872 2831 ἀπεσφάλη.
892 2728 950 2805 καὶ
969 2720 1318 2827 κατασκευαζομένης
1331 2722 1427 2821 νεὼς,

378 2862 446 2964 οὐχ
471 2861 495 2959 ἡ
522 2861 588 2959 μέν
614 2895 668 2946 τις
695 2861 877 2958 ὑπέβαλεν
903 2860 1031 2961 ἑαυτὴν
1058 2864 1194 2963 τραιτὶς,
1221 2861 1242 2938 ό
1271 2856 1310 2939 δὲ
1336 2856 1429 2938 κατὰ

377 3011 475 3070 doceri
498 3012 619 3090 possint,
640 3013 779 3091 quioquid
800 3014 878 3091 ejus-
928 3034 1006 3083 rnen,
1029 3013 1079 3073 ubi
1104 3012 1213 3071 discum
1236 3012 1306 3079 itur,
1333 3010 1429 3070 lacera

378 3090 457 3148 modi
471 3102 525 3156 cst,
540 3102 574 3149 ut
592 3092 707 3151 fructus
723 3094 834 3171 aliquid
848 3106 878 3153 et
928 3095 996 3153 hinc
1010 3094 1078 3153 inde
1091 3093 1186 3151 frusta
1224 3092 1298 3168 isjici
1317 3090 1426 3151 videns.
1439 3109 1478 3147 so

379 3170 517 3228 utilitatis
531 3171 642 3238 afferat,
654 3171 685 3229 id
699 3193 757 3230 non
768 3185 878 3233 temere
930 3175 976 3232 lta
991 3194 1057 3232 cunr
1073 3173 1176 3233 domus
1190 3183 1241 3230 aut
1256 3172 1324 3231 urbs
1338 3171 1428 3231 edifi-

378 3270 412 3308 ac
425 3250 488 3308 sine
506 3250 604 3308 studio
618 3252 692 3317 fieri,
707 3252 759 3310 sed
778 3254 878 3332 potius
929 3266 1021 3320 catur,
1033 3274 1092 3312 non
1104 3253 1215 3331 lapides
1225 3253 1343 3332 excipit,
1355 3252 1428 3311 alios

378 3329 479 3389 solerti
490 3349 629 3389 manuum
643 3352 732 3410 opera
744 3353 829 3392 suum
844 3355 878 3393 ac
928 3334 958 3392 in
987 3335 1178 3393 fundamenta
1201 3345 1305 3411 sponte
1332 3334 1427 3392 subsi-

379 3409 530 3489 proprium
554 3410 584 3468 in
608 3431 693 3470 usum
719 3412 876 3473 elaborari:
929 3414 1041 3482 dentes,
1056 3414 1128 3473 alios
1141 3412 1274 3493 superius
1288 3414 1319 3471 in
1333 3425 1429 3472 struc-

378 3500 410 3548 at
423 3490 501 3549 idem
512 3490 688 3569 simulatque
695 3492 877 3553 fructuosum
929 3506 1003 3553 turae
1012 3495 1122 3553 corium
1134 3494 1213 3552 ultro
1222 3492 1426 3553 subvolantes:
1441 3511 1476 3571 25

379 3581 410 3629 ct
424 3570 608 3630 commodum
618 3592 681 3631 esse
694 3572 810 3643 desinit,
822 3574 880 3633 sol·
929 3575 981 3634 scd
994 3575 1169 3633 architectus
1191 3574 1220 3631 in
1240 3592 1324 3631 suum
1340 3592 1428 3649 quos-

381 3651 409 3707 vi
429 3652 578 3723 continuo,
593 3665 623 3712 et
643 3654 763 3714 confuse
779 3653 879 3714 admo.
929 3674 986 3733 que
1008 3655 1103 3713 locum
1129 3654 1241 3712 delatos
1264 3666 1332 3733 apte
1357 3674 1426 3712 con-

380 3730 451 3790 dum
480 3752 514 3791 ac
540 3735 710 3811 perturbate
736 3734 879 3814 dissipari,
929 3736 1071 3811 cinneque
1091 3734 1229 3813 disponit.
1280 3733 1324 3791 At
1347 3745 1428 3812 post·

380 3820 485 3889 utpote
512 3814 590 3889 quod
614 3834 649 3873 ea
671 3835 731 3873 nou
754 3815 880 3895 amplius
929 3834 1015 3893 quam
1025 3816 1147 3873 subruta
1157 3825 1210 3879 et.
1222 3814 1272 3871 ubi
1284 3814 1334 3872 ubi
1345 3832 1429 3873 cautu

380 3890 530 3969 sapientia,
561 3894 646 3970 cujus
678 3895 773 3973 ipsum
811 3907 880 3955 ante
931 3895 1041 3960 tulerit,
1060 3895 1166 3973 singuli
1187 3892 1299 3970 disjecti
1321 3894 1427 3973 passim
1437 3915 1476 3973 30

381 3990 451 4029 cura
475 3974 671 4040 conservabat,
686 3986 829 4034 tractetur
847 3996 879 4035 ac
930 3987 1097 4053 temereque
1107 3974 1216 4051 jacent.
1240 3973 1365 4032 ltadum
1375 3993 1427 4032 na·

380 4060 506 4127 regatur.
536 4052 584 4109 Ita
597 4055 814 4123 vestimentum,
827 4074 880 4113 nec
930 4056 972 4113 vis
991 4056 1196 4134 compingitur,
1212 4074 1269 4112 non
1288 4074 1319 4113 sc
1337 4054 1427 4133 ipsam

381 4130 513 4197 stamine,
525 4132 632 4209 absque
647 4134 769 4193 textoris
780 4155 878 4200 manu,
930 4136 1026 4194 carina
1037 4136 1204 4199 summittit,
1220 4154 1278 4192 non
1293 4134 1386 4192 melus
1397 4134 1429 4192 in

381 4232 413 4271 se
431 4210 496 4289 ipso
510 4213 695 4282 consistente,
708 4234 762 4273 nec
780 4216 879 4273 subte-
930 4216 1026 4273 medio
1044 4226 1155 4275 rectum
1171 4236 1202 4273 se
1221 4235 1251 4273 se
1265 4214 1353 4283 tollit,
1368 4233 1428 4272 non

382 4292 461 4351 mine
473 4312 504 4352 se
517 4292 611 4372 ipsum
626 4293 705 4352 ultro
715 4294 809 4355 eidem
825 4296 878 4353 im·
929 4296 1008 4373 ligna
1022 4306 1126 4355 caetera
1134 4296 1222 4354 situm
1234 4314 1270 4353 ex
1284 4314 1315 4353 sc
1326 4316 1356 4353 se
1367 4295 1426 4351 for·
1436 4302 1474 4360 35

380 4374 510 4453 plicante
530 4375 710 4453 pertexitur:
736 4376 821 4454 cujus
835 4386 877 4435 ta-
928 4377 1037 4435 tuitum
1053 4376 1217 4456 accipiunt:
1242 4395 1295 4434 nec
1309 4384 1426 4433 centum
