3242 5150
372 407 531 472 GESTA
554 409 888 475 PURGA'l'lONIS
913 411 1113 478 FELICIS.
1196 417 1260 484 :93

210 579 313 642 Nanue
333 579 433 644 dixit:
458 579 649 664 lugentium.
694 580 844 646 AElianus
867 584 1033 668 proconsul
1056 583 1156 649 dixit:
1183 587 1261 650 Pro-

210 689 305 754 seesio
318 698 376 755 tua
390 689 473 754 actis
492 691 603 756 hoeret.
646 692 795 756 AElianus
809 695 977 776 proconsul
995 695 1144 779 ingentio
1159 697 1260 762 dixit:

211 799 393 884 Torqueris,
424 821 464 864 ne
494 801 668 865 mentiaris.
716 803 882 887 ingentius
907 803 1007 868 dixit:
1035 806 1160 884 Eri-avi,
1188 807 1260 872 huic

211 910 352 994 epistolae
381 932 441 995 ego
470 911 589 984 addidi,
617 911 727 975 dolens
755 933 851 976 causa
882 914 992 977 Mauri
1021 916 1156 1002 hospitis
1188 919 1258 982 mei.

211 1018 359 1084 AElianue
382 1021 551 1106 proconsul
572 1020 672 1084 dixit:
699 1021 930 1087 Constantinus
950 1023 1114 1089 Maximus
1136 1049 1261 1113 semper

212 1131 379 1216 Augustus
393 1137 427 1194 et
444 1129 583 1196 Licinius
598 1131 741 1196 Gaesaree
758 1131 806 1195 ita
827 1133 980 1218 pietatem
996 1133 1187 1201 Christianis
1202 1161 1256 1203 ex·

210 1239 320 1304 hibere
334 1240 507 1324 dignantur
521 1249 558 1305 ut
573 1241 771 1326 disciplinam
786 1245 944 1329 corrumpi
958 1245 1070 1324 nolint,
1082 1248 1137 1310 sed
1153 1249 1260 1330 potius

210 1351 372 1415 observari
386 1351 568 1436 religionem
590 1351 687 1415 istam
701 1361 736 1416 et
756 1353 816 1416 coli
837 1353 942 1418 velint.
988 1355 1061 1419 Noli
1076 1356 1184 1441 itaque
1200 1358 1259 1423 tibi

210 1460 346 1524 blandiri
361 1461 446 1544 quod
466 1459 543 1522 mihi
558 1459 646 1523 dicas
661 1459 871 1524 Decurionem
887 1469 920 1526 te
935 1483 1014 1540 esse,
1031 1485 1069 1527 ao
1088 1473 1260 1550 propterea

211 1593 274 1634 non
291 1571 394 1655 possis
414 1571 567 1655 torqueri.
614 1571 804 1656 Torqueris;
830 1595 869 1636 ne
889 1575 1063 1648 mentiaris,
1080 1578 1165 1661 qnod
1185 1578 1259 1642 alie-

210 1705 285 1746 num
301 1681 490 1748 Christianis
510 1703 579 1745 esee
597 1682 730 1746 ridetur.
777 1683 823 1748 Et
842 1685 913 1748 ideo
934 1685 985 1748 dic
1005 1685 1197 1770 simpliciter,
1220 1711 1259 1752 ne

210 1792 398 1877 torquearis.
443 1792 611 1878 Ingentius
625 1794 725 1858 dixit:
748 1794 768 1857 J
771 1817 823 1857 am
838 1795 998 1859 confessus
1013 1818 1083 1860 sum
1104 1798 1171 1862 sine
1190 1807 1256 1863 tor·

209 1909 328 1966 monto.
372 1903 577 1986 Apronianus
601 1903 700 1967 dixit:
735 1903 876 1988 Dignare
902 1904 941 1968 de
967 1927 1006 1968 eo
1030 1927 1171 1989 quaerere
1195 1929 1259 1992 qua

210 2012 415 2086 auctoritate,
440 2035 504 2096 quo
524 2012 608 2089 dolo,
632 2035 695 2098 qua
717 2013 840 2077 insania
862 2013 1020 2079 circuierit
1044 2015 1258 2080 Mauritaniae

209 2143 327 2198 omnes,
355 2121 522 2186 Numidiae
548 2122 654 2200 otiam,
680 2144 744 2207 qua
769 2123 894 2187 ratione
915 2125 1101 2189 seditionem
1122 2147 1258 2190 commo

209 2234 291 2298 verit
316 2234 482 2298 catholice
507 2232 656 2298 ecoleeioe.
709 2233 858 2297 AElianus
886 2234 1051 2319 proconsul
1075 2235 1175 2300 dixit:
1202 2238 1258 2300 Ad

210 2344 377 2408 Numidiae
391 2342 499 2407 fuisti?
520 2341 715 2427 Respondit:
740 2342 822 2418 Non,
839 2343 986 2407 Domine.
1002 2345 1044 2408 sit
1059 2345 1112 2427 qui
1132 2345 1257 2430 probet.

210 2455 359 2518 AElianus
374 2453 542 2539 proconsul
556 2453 657 2517 dixit:
684 2454 752 2516 Nec
766 2452 798 2515 in
822 2453 1038 2517 Mauritania!
1061 2453 1256 2538 Respondit:

210 2565 376 2650 Negotiari
390 2565 444 2629 illo
456 2564 511 2630 fui.
556 2565 763 2648 Apronianus
777 2563 876 2627 dixit:
902 2561 948 2627 Et
962 2565 994 2626 in
1011 2563 1071 2627 hoo
1090 2565 1257 2640 mentitur,

211 2676 360 2751 Domine,
374 2696 449 2739 uam
470 2676 513 2739 ad
529 2674 735 2739 Mauritaniae
755 2674 851 2737 eitum
873 2673 996 2737 nonnisi
1017 2696 1074 2759 per
1092 2674 1258 2739 Numidiae

210 2786 366 2871 pergitur,
379 2794 536 2871 quatenus
550 2786 628 2851 dicit
643 2808 677 2850 se
691 2785 724 2849 in
747 2784 947 2849 Mauritania
961 2784 1066 2862 fuisse,
1082 2806 1147 2848 non
1162 2786 1259 2849 fuisse

210 2897 242 2960 in
269 2896 427 2962 Numidia.
472 2897 622 2961 AElianus
646 2896 814 2982 proconsul
844 2896 992 2981 Ingentio
1018 2895 1118 2959 dixit:
1158 2894 1258 2981 Cujus

209 3006 399 3071 conditionis
413 3009 468 3071 est
491 3006 659 3090 Ingentius
673 3006 857 3092 respondit:
883 3005 1021 3069 Decurio
1036 3028 1104 3070 sum
1121 3006 1257 3091 Ziquen-

208 3117 298 3180 sium.
345 3117 494 3181 AElianus
522 3117 689 3203 proconsul
718 3117 760 3180 ad
791 3115 926 3181 officium
957 3116 1057 3180 dixit:
1097 3116 1257 3181 Submitte

208 3226 304 3291 illurn.
350 3226 421 3308 Quo
441 3227 608 3304 submisso,
625 3226 772 3291 AElianus
790 3226 958 3310 proconsul
973 3226 1141 3291 Oaeciliano
1156 3228 1255 3292 dixit:

209 3338 308 3402 Falsa
341 3338 420 3402 dicis
454 3360 525 3423 quae
558 3337 688 3402 dixisti!
735 3338 921 3403 Oaecilianus
953 3338 1134 3422 respondit:
1173 3338 1255 3412 Non,

208 3447 358 3510 Domine.
405 3446 440 3511 Ie
455 3447 509 3532 qui
525 3447 652 3532 scripsit
672 3447 850 3531 epistolam,
862 3448 938 3533 jube
959 3448 1077 3512 veniat.
1125 3448 1256 3511 Amicus

207 3557 305 3641 ipsius
325 3565 385 3622 eet.
432 3558 505 3642 Ipse
525 3558 610 3623 dicct
630 3579 793 3643 quousque
815 3558 933 3621 dictavi
953 3556 1130 3641 epistolam.
1178 3559 1257 3620 AEli-

206 3690 288 3731 anus
307 3670 474 3753 proconsul
490 3669 589 3734 dixit:
615 3669 693 3751 Quis
707 3678 756 3733 oet
776 3669 828 3733 ille
848 3690 941 3754 quem
955 3669 1062 3733 venire
1076 3668 1257 3732 desideras?

207 3779 395 3845 Caecilianus
416 3780 516 3845 dixit:
545 3780 752 3864 degentium,
766 3802 839 3844 eum
861 3802 924 3865 quo
947 3780 989 3843 fui
1014 3778 1139 3843 AEdilis.
1185 3780 1257 3843 Non

208 3911 336 3973 possum
360 3891 497 3975 probare
521 3890 581 3953 nisi
606 3912 664 3975 per
688 3890 792 3974 ipsum
819 3890 1025 3975 Augentium,
1051 3890 1105 3975 qui
1130 3890 1258 3975 scripsit

207 3999 384 4083 epistolam,
401 4022 564 4084 quousque
578 4000 696 4064 dictavi
710 3999 764 4065 illi.
810 3999 885 4084 Ipse
900 4000 1004 4063 dicere
1019 4009 1135 4084 potest.
1177 4000 1257 4062 AEli-

207 4131 287 4173 anus
306 4111 474 4195 proconsul
489 4110 588 4175 dixit:
613 4111 750 4175 Constat
764 4132 841 4194 ergo
857 4109 968 4173 falsam
988 4131 1056 4173 esee
1070 4108 1257 4194 epistolam?

208 4220 397 4285 Caecilianus
417 4220 600 4305 respondit:
634 4222 779 4297 Constat,
803 4220 949 4293 Domine,
974 4240 1036 4282 non
1062 4219 1200 4282 mentior
1224 4220 1255 4281 in
