3242 5150
237 416 449 480 ANNOTT.
477 417 527 480 IN
554 417 585 480 S.
607 417 755 480 PETRI
778 416 926 480 ALEX.
949 416 1132 481 FRAGM.
1166 420 1209 481 53

159 585 271 650 denuit
294 585 445 650 lectorem
470 585 657 650 Herduinus
681 586 714 650 in
738 586 817 650 edit.
841 607 898 649 sue
921 585 1134 664 enodem,
1157 609 1209 651 ee·

159 709 277 751 nonem
292 687 448 765 ultimum,
460 709 516 752 sen
530 688 686 752 deeimum
701 688 847 772 quintum
858 709 898 752 ex
910 687 1062 752 Sermone
1071 689 1209 771 quodem

160 787 254 853 Petri
269 790 319 853 De
333 788 457 852 Poeta
471 789 568 854 luisse
582 797 753 876 sumptum.
800 791 883 854 Cum
906 789 967 853 hoe
989 789 1096 867 MSto,
1113 789 1209 854 immo

160 911 235 954 enm
258 890 426 956 Cenonum
451 898 549 976 ntqne
570 891 706 956 Zonnrne
728 897 821 957 textu
848 890 980 955 Parisiis
1005 912 1090 955 enno
1116 894 1208 958 1621.

159 990 259 1068 edito,
284 989 488 1055 consentiunt
513 989 566 1054 alii
588 1010 700 1054 novem
724 991 838 1055 Mssti
859 991 893 1054 in
916 991 1108 1056 bibliotheca
1124 992 1208 1056 Bod-

159 1093 267 1170 leiano
292 1091 419 1168 serenti,
442 1113 577 1175 quorum
600 1112 661 1174 ope
686 1114 757 1177 ego,
784 1114 856 1156 eum
881 1114 922 1156 ex
945 1093 1078 1158 diversis
1101 1116 1211 1159 omnes

159 1194 298 1280 proiecti
322 1193 388 1258 sint
408 1193 559 1271 fontibus,
580 1194 614 1257 in
634 1193 808 1258 canonibus
829 1194 880 1257 his
899 1195 1029 1259 edendis
1052 1218 1129 1260 usus
1152 1196 1209 1260 fni.

160 1297 257 1362 cons.
280 1294 365 1359 enim
387 1298 547 1359 Annotet.
571 1293 603 1357 in
627 1294 659 1359 S.
672 1294 820 1359 Dronrsn
845 1296 948 1360 Annx.
973 1297 1144 1381 Epistolaenm
1167 1297 1214 1362 od

162 1395 345 1472 Basiliden,
368 1395 484 1460 voliii.
506 1417 579 1480 peg.
593 1413 665 1480 233.
710 1395 837 1480 Adjeeit
859 1417 984 1480 quoque
1006 1418 1072 1461 snae
1093 1395 1210 1461 Biblio-

161 1495 253 1561 tlecoe
268 1497 403 1560 Patmm
423 1495 482 1560 hos
497 1496 643 1561 Oenones
658 1496 845 1562 Gellnndius
865 1517 929 1560 one
950 1517 1022 1560 enm
1036 1498 1170 1562 Zonorae
1183 1507 1212 1562 ot

161 1598 358 1663 Balsommris
372 1597 513 1674 adeledis,
528 1619 643 1684 eosque
658 1620 692 1662 se
706 1598 877 1663 eontulisse
891 1597 939 1662 nit
954 1619 1017 1662 non
1028 1598 1128 1662 solum
1139 1621 1212 1663 oum

162 1698 305 1764 editione
325 1699 379 1764 ills
403 1699 575 1765 Perisiensi
598 1699 773 1765 Frontonis
795 1699 918 1777 Dneaei,
938 1701 995 1764 sed
1016 1699 1115 1764 etiam
1139 1722 1212 1765 oum

164 1800 265 1865 MSto
280 1801 399 1879 oodiee,
416 1803 501 1885 quod
523 1800 651 1886 quidem
671 1801 703 1865 in
719 1801 823 1866 tribus
836 1800 1019 1887 penultimis
1037 1801 1212 1865 renonibus

162 1902 285 1967 foetum
298 1909 358 1981 est,
374 1902 530 1967 Bemerdi
546 1902 640 1967 Nsnii
656 1903 823 1968 senatoris.
868 1903 1019 1968 Oeternm
1032 1902 1066 1965 in
1081 1902 1213 1987 Syrisce

164 2003 333 2081 Versione,
347 2025 443 2088 quam
467 2005 645 2089 praestnbet
664 2005 764 2069 oodex
788 2005 917 2089 quidam
937 2004 1077 2088 optimus
1099 2004 1210 2068 biblio·

164 2104 265 2168 theeae
290 2105 455 2182 Medioeae,
474 2112 576 2183 extet,
591 2113 722 2170 duotore
742 2107 944 2172 Renaudotio
964 2107 1046 2170 Hist.
1064 2106 1212 2170 Patrios·-

164 2205 289 2270 clnrum
309 2205 482 2270 Aleeaodr.
503 2211 600 2290 p.61.
623 2215 642 2244 “
656 2207 741 2272 inter
762 2206 927 2272 Cononem
946 2213 1106 2292 13.el14.
1129 2207 1214 2292 freg-

164 2313 185 2343 “
196 2314 341 2371 mentum
353 2307 586 2373 exhortationis
600 2309 642 2373 od
658 2308 892 2392 poenitentiam,
907 2330 971 2392 qno
982 2315 1094 2372 onrent
1105 2307 1213 2372 Graeoi

166 2416 184 2446 ‘⁴
199 2408 335 2486 oodiees,
357 2409 442 2474 forte
465 2410 541 2494 quin
565 2410 667 2496 legem
690 2409 808 2474 nnllam
833 2409 1004 2474 eontinet.”
1048 2409 1211 2486 Nondum,

166 2511 248 2595 qnod
272 2509 383 2588 soinnr,
397 2511 485 2577 edito
506 2512 653 2597 perioope
672 2517 740 2585 est;
769 2532 872 2597 neque
885 2532 960 2576 vero
979 2510 1097 2576 oodieis
1115 2510 1214 2596 ipsius

166 2612 230 2677 ulle
251 2612 372 2678 mentio
394 2614 481 2678 seete
503 2614 607 2679 estin
630 2621 718 2679 tomo
740 2614 842 2698 primo
867 2612 1006 2697 cannot
1020 2611 1215 2676 Bibliotlsooe

165 2718 548 2793 Medieeo-Laormtioooe,
564 2718 617 2802 qni
638 2717 763 2783 oodioes
781 2716 952 2781 orientales
971 2715 1211 2801 eompleetitur;

166 2820 220 2883 sed
236 2818 409 2883 maximnm
425 2818 643 2885 Medioeorum
658 2819 801 2883 oodioum
816 2817 984 2903 partemin
997 2817 1215 2883 Laurentisne

165 2918 357 2985 bibliotheen
381 2919 475 2984 hodie
493 2942 556 2984 non
577 2942 751 3005 superesse,
767 2919 854 2984 dooti
872 2918 1014 2984 homines
1032 2919 1213 3004 opinentur.

167 3019 241 3087 Vid.
258 3022 391 3086 Praelnt.
411 3022 552 3107 Cotohqi
564 3045 597 3108 p.
610 3022 716 3086 xxviii.

208 3124 247 3185 P.
263 3142 315 3207 23.
331 3123 351 3186 l.
365 3142 395 3203 7.
417 3128 480 3187 Τοΰ
498 3121 605 3205 Ἁγίου
626 3124 744 3205 Πέτρου
760 3125 834 3207 izo]
855 3123 1007 3196 Titulum,
1022 3144 1044 3187 e
1058 3144 1121 3207 qno
1135 3123 1214 3187 editi

167 3224 308 3289 nonnihil
323 3224 460 3297 varient,
474 3224 553 3287 mihi
566 3223 786 3309 praestiterunt
800 3224 909 3309 scripti
922 3224 1088 3289 Bodleiano*
1097 3233 1213 3309 septem

211 3528 397 3593 Ibid.l.11.
418 3527 560 3609 τέταρτον
578 3528 633 3608 ἤδη
652 3528 773 3615 πάσχα]
794 3528 940 3614 Synopsis
958 3528 1064 3592 Ateii
1078 3528 1215 3592 Aristoni

170 3630 253 3713 (quoe
268 3630 417 3710 voontur)
433 3628 516 3693 huno
531 3629 634 3693 looum
653 3630 697 3694 sio
717 3629 856 3694 exhibet.
892 3629 1061 3711 Τεσσάρων
1077 3629 1132 3709 ἤδη
1147 3631 1216 3712 χρό-

171 3754 227 3793 νων
242 3733 513 3813 ἑπιπαρωχηκότωυ
529 3732 568 3816 τῷ
584 3732 711 3815 διωγμῷ.
756 3732 836 3795 Com
851 3730 1068 3814 praenotione)
1086 3740 1217 3813 quotuor

162 3829 229 3911 jem
236 3832 316 3896 enni
323 3831 544 3917 praetomriot.
557 3832 660 3896 minus
672 3838 768 3895 reete.
792 3831 955 3894 Hsnnnm.
970 3832 1003 3894 in
1013 3838 1102 3895 tomo
1113 3831 1216 3916 primo

172 3932 383 3997 Consilinum.
421 3931 483 3994 Vir
504 3933 565 3997 iste
587 3932 827 4008 eruditissimus,
846 3932 935 4018 eujus
957 3932 1138 4008 editionem,
1160 3933 1216 3997 sed

171 4053 208 4095 ex
223 4032 899 4119 manuseriptisBodleianisoorreetnm,l1io
915 4054 1097 4117 expressam
1108 4033 1215 4107 habes,

171 4131 319 4199 lentorem
331 4134 465 4211 monuit,
477 4134 601 4199 initium
614 4134 843 4219 perseeutionis
855 4134 929 4222 poni
944 4134 1013 4219 ipso
1028 4133 1080 4197 die
1090 4131 1216 4217 pnsohae

173 4252 253 4299 anno
266 4258 362 4299 noem.
