3242 5150
335 407 366 468 S.
389 403 611 468 DIONYSII
633 405 782 470 ALEX.
807 404 872 468 DE
895 405 1110 470 NATURA.
1182 407 1246 470 413

200 577 443 678 ὀλιγωροῦντα
455 575 601 673 τούτων,
615 573 820 683 ἐξάγιστον.
862 575 1161 679 ιἸιίιτικατοίριιτος
1175 575 1247 680 γάρ

200 715 316 816 φησιν
334 712 355 788 ὁ
372 717 484 792 ποιῶν
499 712 546 791 τά
563 712 652 814 ἔργα
672 713 808 813 Κυρίου
826 714 977 812 ἀμελῶς.
1005 709 1080 792 εἶτα
1098 716 1157 791 καὶ
1174 719 1248 795 τοῖς

197 845 263 944 μὲν
280 847 456 944 ἀμαθέσιν
473 847 691 946 ἡστινοσοῦν
709 847 836 952 τέχνης
851 849 909 926 καὶ
922 845 1176 949 ἀτελεστίροις,
1188 844 1248 926 διὰ

198 977 240 1059 τὸ
258 984 322 1078 τῆς
338 982 463 1083 πείρας
480 980 585 1080 ἀηθες
604 982 664 1059 καὶ
681 978 723 1060 τὸ
742 987 815 1060 τῶν
832 979 947 1084 ἔργων
964 978 1115 1083 ἀτριβὲς,
1132 979 1247 1079 κάμα-

171 1142 259 1202 5τος
276 1118 452 1218 ἐγγίνεται
470 1123 547 1199 ταῖς
567 1115 846 1220 ε’πιχειρήσεσιν·
874 1121 907 1195 oi
926 1113 964 1194 δὲ
975 1113 1246 1219 προκόπτοιπες,

198 1253 257 1330 καὶ
277 1257 422 1348 μᾶλλον
441 1249 491 1328 ἔτι
515 1255 547 1329 oi
573 1247 712 1345 τέλειοι,
730 1246 916 1356 ῥᾳδίως,ἀ
942 1251 1086 1349 μετίωσι
1113 1284 1242 1353 κατορ-

199 1392 342 1468 θοῦντες
360 1383 561 1486 γάννυνται,
581 1387 639 1463 καὶ
656 1391 801 1483 μᾶλλον
820 1383 864 1462 ἀν
882 1385 1021 1464 ἕλοιντο
1038 1384 1085 1464 τά
1099 1382 1248 1465 εἰωθότα

198 1518 414 1620 πράττοντες
430 1517 548 1598 ἀνύειν
563 1520 622 1597 καὶ
640 1525 912 1620 τελεσιουργεΐν,
931 1517 955 1619 ἢ
977 1520 1097 1600 πάντα
1113 1522 1248 1626 σφίσιν

200 1648 355 1756 ὑπάρξαι
380 1651 427 1731 roi
454 1655 491 1731 ἐν
519 1651 718 1754 ἀνθρώποις
742 1652 874 1755 ἀγαθά.
907 1653 1132 1757 Δημόκριτος
1156 1663 1245 1757 γοῦν

154 1816 191 1855 ιο
200 1783 316 1882 αὐτὸς,
334 1783 382 1869 ὥς
401 1793 526 1892 φασιν,
545 1786 652 1888 ἔλεγε
665 1786 866 1882 βούλεσθαι
879 1796 1025 1887 μᾶλλον
1038 1789 1123 1887 μίαν
1137 1791 1247 1892 εὑρεῖν

199 1921 428 2020 αἰτιολογίαν,
439 1917 462 2020 ἢ
474 1919 540 2019 τὴν
556 1921 628 2021 (for.
638 1921 704 2020 τὴν
714 1929 787 2002 τῶν
797 1959 826 1998 v.
834 1931 912 2030 not.)
926 1928 1083 2026 Περσῶν
1096 1929 1127 2004 ci
1137 1931 1247 2018 βασι-

199 2056 298 2131 λείαν
315 2054 495 2154 γενέσθαι·
525 2059 584 2135 καὶ
602 2065 725 2157 ταῦτα,
743 2059 862 2160 μάτην
880 2063 937 2139 καὶ
956 2061 1118 2143 ἀναιτίως
1134 2065 1245 2138 αἰτιο-

198 2192 331 2288 λυγῶυ,
349 2190 397 2271 ὡς
415 2186 459 2266 ἀν
477 2188 550 2269 ἀπὸ
567 2196 670 2290 κενῆς
694 2195 816 2297 ἀρχῆς,
835 2196 894 2273 καὶ
915 2193 1117 2277 ὑποθέσεως
1144 2205 1242 2273 πλα·

200 2321 356 2420 νωμίνης
373 2323 587 2425 ὁρμώμενος,
600 2328 659 2405 καὶ
676 2325 742 2426 τὴν
760 2326 869 2431 ῥίζαν,
889 2331 947 2406 καὶ
964 2325 1030 2426 τὴν
1048 2323 1167 2426 κοινὴν
1185 2331 1247 2406 ἀυ-

154 2454 314 2556 ι5ἀγκην
341 2460 405 2554 τῆς
429 2457 637 2539 τῶνόντων
661 2460 807 2565 φύσεως
834 2463 901 2565 οὐχ
928 2463 1032 2563 ὀρῶν,
1051 2461 1187 2566 σοφίαν
1210 2458 1247 2539 δὲ

198 2593 374 2692 μεγίστην
404 2593 609 2694 ἡγούμενος,
636 2594 701 2695 τὴν
728 2604 801 2675 τῶν
834 2596 985 2701 ἀσόφως
1014 2597 1072 2675 καὶ
1101 2596 1248 2695 ἠλιθίως

199 2725 472 2823 συμβαινόντων
500 2729 727 2828 κατανόησιν·
758 2734 817 2809 καὶ
844 2729 911 2829 τὴν
938 2728 1062 2832 τιν’χην,
1087 2734 1159 2807 τῶν
1182 2725 1248 2825 μὲν

200 2856 358 2939 καθόλου
376 2865 524 2941 καὶτῶν
542 2863 646 2942 θείων
663 2866 857 2944 δέσποιναν
874 2862 1026 2971 ἐφιστὰς
1049 2864 1107 2942 καὶ
1130 2870 1244 2958 βασι-

153 3072 302 3149 rodignns
321 3092 384 3132 esse
403 3075 584 3153 pronuntiat,
599 3086 630 3135 et
646 3096 697 3136 ne·
747 3076 883 3135 omnibus
897 3083 1089 3155 anteponunt.
1122 3072 1164 3132 Et
1179 3093 1247 3133 vero

199 3152 304 3210 furium
323 3152 449 3222 illum‚s
469 3174 528 3231 quo
549 3155 697 3235 neglignn-
747 3156 932 3215 Democritus
989 3154 1061 3233 ipse,
1116 3172 1247 3212 caussam

198 3242 257 3295 tur.
271 3232 410 3310 appellat.
441 3235 617 3294 Maledictus
625 3238 698 3295 enim
747 3256 836 3295 unum
857 3234 993 3311 aliquem,
1016 3244 1051 3293 nt
1071 3235 1181 3303 ferunt,
1199 3233 1246 3291 in·

199 3315 247 3390 qui
257 3310 340 3390 facit
359 3334 446 3390 opera
466 3314 584 3373 Domini
607 3318 696 3395 negli-
747 3316 857 3382 venire,
886 3334 973 3393 quum
1002 3314 1056 3372 sibi
1092 3313 1247 3371 Persarum

197 3400 306 3469 genter.
349 3391 465 3452 Deinde
486 3405 520 3452 ut
544 3395 575 3452 in
596 3397 698 3472 quevis
747 3396 902 3474 imperium
920 3394 1057 3453 obvenire
1076 3392 1246 3451 maluissetc

153 3490 168 3529 2
171 3487 189 3548 5
199 3483 261 3529 erte
274 3471 362 3530 rudes
376 3482 406 3531 et
424 3474 562 3545 inchoati,
578 3487 698 3554 propter
747 3485 836 3552 etque
846 3473 876 3531 id
889 3474 975 3531 homo
984 3474 1034 3549 qui
1045 3492 1159 3531 censeas
1171 3472 1248 3530 frus-

199 3552 386 3629 experientiae
414 3554 584 3621 novitatem,
610 3567 697 3632 atque
747 3564 793 3612 tre
806 3553 972 3629 caussisque
985 3552 1107 3609 sublatis
1118 3551 1246 3627 inquire-

199 3650 320 3709 operum
347 3631 541 3699 insolentium,
566 3634 635 3692 dum
661 3634 698 3693 ed
748 3645 802 3700 ret,
818 3652 883 3690 curn
903 3632 989 3690 inune
1007 3630 1194 3709 principium,
1214 3650 1247 3689 cc

199 3730 259 3768 rem
287 3730 350 3770 sese
378 3712 504 3791 primum
533 3713 697 3791 accingunt,
748 3712 863 3791 plenam
877 3712 982 3769 erroris
1002 3708 1186 3788 hypothesim
1201 3730 1247 3769 se.

198 3788 361 3849 molestiam
386 3791 557 3870 patiuntur:
585 3794 626 3851 ite
647 3794 697 3870 qni
748 3803 868 3869 quutus,
890 3802 977 3868 atque
998 3790 1028 3849 in
1053 3788 1150 3847 radice
1167 3809 1246 3847 eorn-

152 3882 191 3939 30
200 3868 309 3945 aliquid
346 3872 504 3947 profecere,
545 3872 698 3951 multoque
748 3872 888 3949 munique
902 3881 1013 3929 nature
1029 3888 1125 3927 rerum
1147 3888 1246 3928 neces·

200 3949 292 4025 magis
304 3952 355 4026 qui
369 3951 490 4028 perfecti
508 3952 568 4029 jem
583 3963 662 4019 sunt,
677 3952 698 4010 ii
749 3952 836 4010 sitete
865 3952 1029 4015 caecutiens,
1053 3968 1153 4007 eorum
1182 3969 1248 4026 quoe

200 4046 265 4103 quie
280 4030 459 4108 susceperint
473 4031 543 4089 dum
558 4032 643 4091 focile
656 4033 699 4092 fe·
749 4030 950 4110 imprudenter
960 4029 1123 4105 stolideque
1134 4029 1249 4086 contin.

200 4105 352 4183 liciterque
373 4109 541 4179 conficiunt,
564 4112 698 4171 exultent
747 4122 851 4189 gerent
869 4110 1014 4177 notitiam,
1031 4128 1150 4168 summae
1171 4109 1248 4186 sepi·

200 4186 314 4253 animis,
335 4208 369 4247 uc
389 4187 553 4249 solennium
577 4212 698 4271 operum
747 4190 834 4249 enticc
841 4210 934 4269 genus
944 4200 1071 4269 putaret,
1086 4189 1248 4245 fortunam·

152 4265 421 4347 ggubsolutiouem
442 4269 526 4329 bonis
547 4272 698 4331 hominnm
748 4290 805 4346 que
825 4290 922 4329 rerum
936 4266 1140 4328 universalium
1160 4276 1247 4341 atque

619 4388 628 4429 ¹
641 4388 694 4437 Jer.
705 4386 781 4437 xtriii.
796 4401 833 4437 ιο.
