3242 5150
380 415 445 481 166
716 413 1095 478 ANNOTATIONES

380 585 485 670 pergit
509 585 665 656 seribere;
691 592 711 622 “
724 585 824 648 Plane
847 585 1018 669 respondet
1038 605 1098 647 vox
1118 585 1336 666 συνερχόμεναι
1360 611 1432 650 σνν·

379 693 401 724 “
418 686 573 763 εισάκτοις,
598 702 635 751 ut
666 709 745 771 quas
771 687 829 751 viri
851 687 1082 768 σννεισήγαγον,
1108 685 1171 749 illae
1195 687 1430 752 eonsentientes

382 799 401 821 ‘⁴
414 787 665 871 σννεισέρχεσθαι
681 788 896 853 dicerentur.”
914 788 943 869 ᾗ.
953 787 997 851 ἱίἰ.
1014 809 1043 871 p.
1058 805 1109 872 23.
1147 787 1197 851 De
1212 788 1429 873 virginitatem

379 889 527 974 professis
563 899 596 956 et
633 890 867 974 συνερχομένοις
899 889 944 954 sio
982 910 1083 953 eonon
1105 911 1202 952 xxvu.
1239 889 1428 955 Eliberiteni

379 992 520 1070 consilii,
551 994 636 1077 quod
669 993 795 1078 quidem
831 992 881 1056 his
914 992 979 1055 lere
1008 991 1205 1075 temporibus
1234 992 1428 1058 eelebratnm

379 1103 447 1158 est:
463 1095 642 1180 Episoopus‚
659 1095 705 1159 orl
717 1092 841 1180 quilibet
855 1094 938 1157 aliae
951 1093 1087 1167 clericus,
1097 1103 1152 1157 aut
1157 1094 1264 1176 filiam
1278 1095 1430 1180 οἱιρὶιιοιιι

378 1195 514 1260 dirutam
535 1198 611 1274 Deo,
635 1207 754 1261 tantem
775 1217 873 1260 seeum
893 1194 1024 1270 Ιιοόιοιρ
1045 1205 1220 1260 αιτνοποιιιο
1240 1218 1429 1282 nequaquam

377 1295 483 1362 dudm
499 1298 632 1384 phieeit.
678 1297 761 1363 Haee
785 1319 881 1382 porro
905 1298 990 1363 inter
1012 1296 1076 1361 alia
1099 1298 1210 1362 soribit
1231 1297 1264 1362 S.
1274 1299 1426 1377 Jaoobus,

379 1399 432 1484 qui
458 1407 600 1485 tempore
626 1400 746 1466 oonoilii
772 1400 894 1465 Niooeni
917 1400 1092 1465 Nisibensis
1113 1400 1175 1465 fnit
1197 1401 1373 1486 episcopus,
1394 1411 1428 1468 et

378 1503 467 1587 eujus
495 1503 663 1569 Sermones
687 1504 795 1589 lingua
820 1504 976 1568 Armenia
1000 1512 1098 1588 atque
1125 1502 1246 1567 Latina
1268 1502 1355 1568 hand
1379 1504 1428 1568 ita

377 1605 500 1690 pridem
519 1605 629 1670 Romae
644 1606 732 1671 edita
751 1614 837 1670 sunt.
887 1606 1030 1692 Virpiees,
1046 1629 1114 1691 queo
1131 1607 1345 1691 pependeris
1365 1630 1427 1671 oos-

375 1707 513 1793 metipsos
534 1708 662 1783 otrico,
683 1730 750 1772 eum
770 1708 885 1793 aliquis
905 1709 941 1772 in
963 1708 1035 1794 lepis
1053 1705 1228 1785 ἅοσίονίὸμι,
1251 1709 1306 1793 qai
1326 1719 1425 1773 notum

375 1807 492 1887 luberet
508 1809 621 1874 dixerit
636 1809 734 1874 elicui
748 1810 784 1874 de
802 1809 892 1885 eolis,
916 1811 1071 1887 Permitte,
1086 1820 1121 1874 at
1134 1808 1262 1874 toditem
1272 1821 1376 1889 τοοιπν,
1392 1823 1426 1876 ut

376 1922 410 1976 tu
423 1911 575 1976 ministres
588 1912 676 1989 mili,
690 1913 734 1976 sle
748 1913 965 1998 respondelite's,
991 1914 1067 1976 Viro
1081 1913 1146 1997 νομί
1162 1911 1341 1998 desponsam
1358 1935 1426 1977 sem

375 2023 403 2078 et
424 2014 454 2078 ei
474 2013 624 2078 ministro.
669 2014 771 2079 Serm.
785 2017 844 2079 VI.
863 2034 979 2100 purg.
999 2016 1054 2079 ubi
1074 2015 1241 2080 adnotatio
1260 2015 1426 2080 clarissimi

375 2115 507 2181 editoris
519 2115 642 2180 Nieolai
655 2117 820 2183 Antonelli
834 2117 970 2202 legatur.
1005 2117 1068 2181 Sed
1085 2117 1125 2181 de
1140 2125 1213 2182 ortu
1229 2117 1326 2182 moris
1337 2118 1425 2182 dam-

375 2217 443 2282 nati
459 2218 599 2281 nonnihil
619 2241 716 2304 supra
729 2219 824 2285 attuli
840 2220 882 2285 ad
904 2219 1101 2304 Fragmenta
1115 2221 1253 2285 Gononn
1269 2222 1423 2285 Aurrorm.

375 2341 407 2404 p.
427 2339 503 2405 343.
530 2319 590 2384 vol.
607 2322 677 2386 III.
733 2323 819 2387 Dein
847 2322 887 2386 de
917 2343 1013 2406 poena
1036 2321 1235 2407 digamorum
1260 2329 1356 2408 (quos
1381 2324 1424 2387 ad

374 2420 595 2504 poenitentiam
617 2423 765 2488 redaetos
787 2424 884 2489 fnisse
905 2423 1005 2509 liquet
1025 2423 1123 2489 etiem
1142 2445 1182 2487 ex
1198 2424 1327 2490 Oenone
1345 2426 1422 2489 VII.

374 2523 662 2591 Neoecesorleesium
688 2524 738 2591 his
762 2526 942 2613 Ancyranis
967 2527 1159 2610 ονγχρόνων)
1184 2528 1300 2593 statuit
1321 2550 1424 2593 canon

373 2626 494 2710 primus
511 2628 640 2693 Concidit
661 2629 839 2708 Laodiceni,
854 2629 965 2695 adulto
983 2627 1051 2713 jam
1073 2626 1187 2691 saeeulo
1207 2636 1323 2712 quarto
1345 2628 1424 2693 eele-

373 2728 469 2807 breti,
485 2730 624 2796 dandam
638 2732 699 2796 illis
713 2754 782 2796 esse
796 2733 903 2814 ὀλίγον
920 2736 972 2794 τοῢ
991 2732 1101 2814 χρόνον
1120 2732 1324 2810 παρελθόντος
1338 2752 1423 2795 eom-

373 2831 563 2897 munionem.
618 2833 736 2899 Itidem
765 2834 797 2898 S.
822 2834 959 2899 Basilius
990 2833 1037 2897 M.
1066 2833 1100 2897 in
1133 2832 1234 2918 spesi.
1267 2833 1422 2901 domnica

373 2933 441 2997 haec
463 2934 571 3009 habet,
598 2936 734 3001 ἐνιαυτὸν
755 2938 813 3017 μὲν
835 2940 893 3019 γὰρ
916 2936 966 3000 ἐπὶ
989 2942 1047 2999 τῶν
1070 2933 1202 3017 ὀιγιίμον
1226 2936 1419 3017 (ὦρίσαμεν)·

372 3036 462 3099 ἄλλοι
482 3037 514 3099 δὲ
534 3038 585 3101 δύο
603 3038 664 3118 ἔτη.
687 3039 807 3104 Canon.
821 3040 891 3103 111.
930 3038 1018 3103 Nam
1032 3059 1072 3101 ex
1090 3037 1306 3102 imbeeillitate
1320 3038 1420 3103 homi-

372 3158 448 3201 num
463 3145 550 3203 ortas
565 3141 719 3204 seeundas
733 3142 863 3227 nuptias
876 3163 945 3206 esse
960 3139 1082 3225 antiqui
1098 3139 1335 3204 existimabant.
1372 3142 1419 3205 Οὔ

373 3240 534 3304 κεκώλυται
557 3241 630 3321 πρὸς
647 3246 699 3305 τοῦ
720 3245 821 3323 νόμον,
838 3245 877 3308 de
893 3244 1021 3329 digamo
1038 3241 1142 3326 inquit
1161 3242 1306 3306 Clemens
1322 3242 1417 3306 Alex.

371 3344 482 3407 δέννος.
494 3342 537 3407 iii.
553 3364 584 3405 n.
602 3362 647 3409 12.
664 3345 699 3409 oi
713 3352 825 3425 πληροῖ
837 3348 870 3410 δὲ
884 3350 936 3425 τῆς
948 3348 1022 3409 κατὰ
1032 3344 1066 3407 τὸ
1079 3341 1257 3425 εὐαγγέλιον
1268 3345 1421 3411 πολιτείας

370 3444 425 3522 τὴν
440 3442 502 3508 κατ’
523 3447 662 3510 ἐπίτασιν
679 3449 860 3527 τελειότητα.
877 3470 908 3532 p.
920 3450 995 3531 548.
1016 3446 1065 3509 ed.
1083 3446 1218 3511 Potteri.
1249 3445 1421 3510 Novatiani

370 3566 455 3623 vero,
482 3553 519 3611 ut
544 3554 671 3613 constat
697 3560 765 3614 tam
794 3571 835 3613 ex
865 3548 1035 3634 Epiphanii
1059 3549 1176 3613 Heres.
1191 3549 1246 3611 lix.
1273 3570 1344 3633 quae
1370 3557 1420 3613 est

371 3649 587 3729 (lutheranus,
608 3674 704 3737 quam
723 3674 763 3717 ex
785 3651 914 3716 Oenone
927 3651 1028 3715 VIII.
1049 3650 1167 3734 Synodi
1181 3651 1332 3725 Νίσαια,
1347 3672 1419 3713 oum

369 3749 505 3837 bigamis
524 3755 756 3819 communicare
776 3753 937 3818 nolebant.
983 3752 1033 3816 De
1047 3752 1108 3816 illis
1127 3762 1247 3829 autem,
1262 3752 1316 3836 qui
1330 3754 1417 3816 πλεί-

369 3877 452 3920 στοις
473 3852 579 3935 γάμοις
592 3855 754 3941 conjugati
772 3855 902 3932 luerint,
916 3861 1017 3940 agunt
1036 3855 1210 3919 eanonistae
1226 3855 1268 3918 ed
1287 3855 1420 3918 Consilii

368 3954 501 4021 Neocles.
517 3978 670 4022 canonem
685 3958 827 4031 tertium,
840 3978 935 4042 quem
945 3955 1027 4020 infra
1038 3956 1191 4041 inspicere
1202 3957 1286 4021 lieet.
1319 3957 1421 4021 Haud

368 4056 491 4122 naseins
516 4057 641 4125 interea
663 4081 742 4137 sum,
763 4059 889 4145 litigare
912 4059 996 4139 inter
1018 4080 1063 4135 se,
1089 4068 1123 4123 et
1148 4059 1188 4123 de
1214 4080 1306 4123 sensu
1333 4059 1420 4123 voois

368 4162 500 4242 δίγαμος,
517 4171 551 4226 et
571 4161 699 4245 quinam
723 4162 880 4247 pleotondi
900 4162 1016 4227 inerint
1037 4161 1167 4247 digami,
1185 4170 1293 4227 utrum
1313 4161 1418 4226 olerioi

367 4262 478 4341 solum,
493 4285 536 4328 an
551 4263 628 4329 item
643 4263 725 4340 laici,
741 4262 883 4327 homines
898 4264 1040 4327 eruditos
1049 4289 1058 4343 ;
1075 4264 1130 4328 sed
1146 4286 1212 4328 rem
1229 4264 1309 4328 bene
1320 4286 1419 4349 expo·

367 4364 430 4429 suit
447 4364 643 4451 Binghamus
654 4366 762 4452 Antip.
772 4366 883 4431 Εσοῖοι.
895 4366 948 4430 lib.
964 4366 1028 4430 xvi.
1045 4388 1114 4450 οαρ.
1129 4387 1176 4430 11.
1192 4372 1217 4447 5.
1230 4385 1258 4448 7.
1288 4365 1419 4429 Videsis

367 4478 477 4533 notam
491 4468 574 4534 infre
589 4471 630 4534 ad
646 4468 726 4533 Can.
740 4470 818 4533 VII.
841 4468 963 4533 Οονοια.
980 4470 1011 4533 N
1014 4492 1118 4533 uocas.
