3242 5150
353 399 386 461 S.
410 398 631 462 DIONYSII
656 399 802 462 ALEX.
827 399 891 462 DE
917 398 1131 462 NATURA.
1204 400 1264 462 411

217 601 292 668 rot,
311 571 417 673 φασὶ,
435 569 589 669 πληθύς.
619 571 704 648 ἀλλ’
724 571 795 648 οῦδ
816 566 862 648 ἀν
880 567 997 648 εἰκόνα
1009 570 1166 668 πηλίνην
1179 570 1266 648 ἐκεῖ·

218 735 276 779 ναι
303 707 546 781 συνελθοῦσαι
577 701 768 800 πλάσαιεν,
801 703 873 782 οὐδ’
908 700 1100 805 ἀνδριάντα
1127 702 1267 782 λίθινον

217 833 371 938 ξέσαιεν,
389 837 461 914 οῦδ
482 834 526 914 ἂν
545 836 692 916 ε’ίδωλον
710 839 888 938 ἀργυροῦν
906 832 930 934 ἢ
948 845 1111 940 χρυσοῦν
1134 834 1266 938 χωνεύ-

217 1003 333 1048 σασαι
363 971 644 1074 προσαγάγοιεν.
677 970 779 1050 ἀλλὰ
810 970 931 1074 τέχναι
960 973 1018 1050 καὶ
1051 970 1267 1074 χειρουργίαι

189 1103 363 1202 5τοῦτων,
382 1107 439 1184 ὑπ’
460 1104 657 1209 ἀνθρώπων
679 1107 843 1207 εὕρηνται
865 1105 1130 1207 σωματουργοί.
1160 1099 1266 1182 ὧνδὲ

216 1241 421 1318 ἀπεικασίαι
446 1244 504 1320 καὶ
531 1241 769 1345 σκιαγραφίαι
794 1241 877 1344 δίχα
894 1240 1029 1344 σοφίαι·
1051 1240 1114 1318 οὐκ
1137 1236 1182 1318 διν
1207 1238 1267 1341 γε’-

216 1407 343 1469 νοιντο,
356 1381 434 1456 πῶς
453 1374 500 1454 τὰ
523 1377 643 1474 ἀληθῆ
664 1377 722 1453 καὶ
745 1372 964 1477 προπότυπα
991 1371 1128 1453 τούτων
1155 1373 1263 1451 αῦτο-

215 1506 337 1604 μιὶτωο
365 1509 598 1607 σνμβίβηκες
637 1507 742 1613 φοχή
775 1506 822 1604 δὲ,
856 1510 914 1586 καὶ
944 1515 1025 1590 νοῦς
1055 1509 1113 1585 καὶ
1145 1502 1266 1607 λόγος,

215 1641 327 1720 πόθεν
345 1643 510 1744 ἐγγέγονε
528 1650 580 1749 τῷ
598 1642 822 1750 φιλοσόφοις
850 1640 874 1743 ή
899 1641 999 1744 παρὰ
1022 1649 1094 1722 τιῦν
1112 1640 1267 1746 ἀψύχων

171 1808 207 1846 10
217 1778 275 1854 καὶ
293 1775 454 1875 ἀνοήτων
472 1780 530 1856 καὶ
548 1779 757 1880 ἀλογίστων
770 1774 915 1875 ἀτόμων
930 1777 1027 1856 ταῦτ’
1043 1777 1266 1878 ήρανίσατο;

216 1912 384 2015 κάκείνων
398 1913 494 2017 αὐτῷ
512 1945 547 1991 τι
564 1910 700 2011 εἰιάστη
715 1909 831 2012 νόημα
850 1914 907 1990 καὶ
922 1908 1039 2011 δόγμα
1053 1908 1240 1988 ἐνέπνευσε
1254 1941 1264 2001 ;

215 2049 273 2124 καὶ
298 2044 422 2149 ὥσπερ
449 2047 666 2127 ὁἩσιόδον
690 2054 802 2147 μῦθος
831 2046 897 2146 τήν
922 2044 1123 2146 Πανδώραν
1149 2046 1266 2149 φησὶν

215 2178 283 2259 ὑπὸ
302 2189 375 2261 τῶν
393 2187 508 2279 Θεῶν,
526 2184 637 2265 οὕτως
655 2181 678 2278 ή
696 2182 813 2286 σοφία
830 2177 980 2281 τάνδρὸς
1000 2175 1068 2258 ῦπδ
1091 2183 1164 2257 τῶν
1181 2176 1266 2256 ἀτό-

214 2349 292 2412 μων
310 2317 553 2416 συνετελέσθη
568 2351 578 2412 ;
607 2321 666 2396 καὶ
683 2318 831 2416 ποίησιν
849 2314 887 2394 δὲ
904 2320 1040 2411 πᾶσαν,
1059 2316 1116 2392 καὶ
1140 2318 1266 2391 πᾶσαν

172 2448 400 2547 15μονσικήν,
428 2451 669 2551 ἀστρονομίαν
696 2485 744 2546 τε,
773 2453 832 2528 καὶ
860 2447 1087 2548 γεωμετρίαν,
1114 2448 1172 2524 καὶ
1200 2443 1265 2527 τὰς

215 2581 335 2666 ἄλλας
353 2582 561 2683 ἐπιστήμας,
582 2585 695 2665 οὐκέτι
715 2591 819 2664 Θεῶν
837 2581 1017 2686 εὑρήματα
1036 2584 1094 2659 καὶ
1117 2577 1262 2658 παιδεῦ·

214 2749 312 2812 ματα
339 2715 523 2821 φήσουσιν
545 2718 727 2817 Ἕλληνες
754 2714 852 2812 εἶναι,
871 2715 977 2815 μόναι
1005 2712 1044 2791 δὲ
1071 2710 1267 2811 γεγόνασιν

214 2850 410 2951 ε’μπειρικαὶ
428 2854 486 2930 καὶ
505 2855 620 2957 σοφαὶ
637 2849 783 2931 πάντων
807 2857 844 2929 αἱ
857 2848 1013 2946 Ἀτομοι
1034 2852 1184 2925 Μοῦσαι
1200 2876 1210 2938 ;
1243 2844 1265 2943 ἡ

215 3003 274 3050 tam
285 2994 401 3071 egregie
410 2998 628 3073 comparatum?
652 2995 714 3053 Ista
764 2993 955 3073 philosophus
965 2989 1152 3049 undehabet?
1167 2986 1267 3045 Ea-n'e

169 3072 352 3132 aovidelicet
373 3086 534 3132 atomorum
554 3074 714 3132 multitudo
764 3075 800 3132 ab
822 3072 966 3137 inanimis,
988 3080 1018 3127 et
1039 3068 1145 3127 mentia
1166 3087 1200 3125 ao
1219 3088 1265 3127 ra·

214 3152 335 3209 rationis
362 3173 476 3232 expers.
519 3154 563 3211 At
590 3154 649 3219 ille,
682 3165 714 3211 ut
763 3154 853 3212 tionia
863 3151 1033 3229 expertibus
1048 3147 1151 3206 atomis
1165 3166 1264 3205 emen·

213 3233 340 3291 maxime
354 3233 537 3300 conveniant,
553 3253 591 3292 ne
604 3233 714 3292 luteam
764 3232 963 3309 dicavitque
983 3229 1038 3288 sibi
1057 3227 1182 3303 aliquam
1205 3228 1265 3285 ain-

214 3310 331 3387 quidem
346 3313 501 3390 imaginem
515 3314 649 3380 formare,
661 3323 714 3371 aut
763 3312 840 3390 gula
854 3312 1004 3370 notionem
1020 3308 1182 3385 dogmaque
1196 3326 1264 3384 pro·

214 3390 712 3471 lapideumaimulaerumperpolite,
764 3394 860 3471 prium
874 3390 1059 3449 infuderint?
1083 3396 1112 3444 et
1127 3385 1265 3463 quemad·

168 3488 203 3548 25
214 3482 266 3527 aut
277 3484 446 3548 argenteum
459 3472 506 3529 vel
516 3492 637 3530 aureum
650 3473 713 3530 ido-
763 3470 882 3530 modum
903 3470 1066 3529 Pandoram
1089 3486 1105 3523 a
1121 3466 1187 3523 Diia
1202 3465 1268 3522 He*

213 3549 274 3607 lum
289 3551 414 3609 conflare
427 3551 558 3629 possint:
588 3572 713 3628 quorum
762 3551 865 3609 aiodua
879 3550 1036 3617 fabulatur,
1051 3547 1093 3605 aio
1111 3546 1147 3603 ab
1161 3545 1266 3602 atomio

213 3631 342 3687 omniurn
362 3632 494 3707 propriae
513 3650 651 3689 manuum
667 3652 712 3688 ar·
762 3629 895 3688 absoluta
914 3630 1041 3687 hominia
1057 3624 1199 3703 sapientia
1217 3623 1263 3680 fu-

213 3719 268 3777 tea,
282 3709 424 3787 fingendis
439 3721 521 3788 aptas
535 3711 712 3789 corporibus,
762 3710 843 3768 erit?
897 3708 944 3766 Ita
983 3708 1084 3787 poesin
1128 3704 1264 3781 deinceps

213 3788 363 3846 hominum
374 3790 549 3867 excogitavit
560 3789 713 3848 industria.
762 3808 888 3853 omnem,
916 3806 1090 3864 omnemque
1115 3784 1263 3849 musioam,

166 3868 349 3938 3oQuorum
370 3870 461 3947 igitur
485 3871 549 3928 aine
571 3870 713 3947 sapientia
763 3868 977 3934 astronomiam,
997 3864 1195 3945 geometriam,
1209 3882 1264 3921 οω-

214 3948 261 4004 vel
275 3947 438 4007 adumbrari
453 3950 563 4025 apeciea
576 3950 713 4007 informa·
763 3960 898 4024 teraaque
936 3947 1092 4010 doctrinas,
1132 3943 1263 4001 Deorum
1348 4006 1350 4011 y

214 4027 297 4102 rique
318 4048 376 4085 non
397 4031 498 4106 possit,
520 4030 623 4086 horum
645 4048 713 4087 vera
763 4028 883 4085 inventa
902 4029 997 4085 Groeci
1018 4037 1106 4103 atque
1128 4022 1265 4080 instituta

214 4106 277 4182 ipsa
301 4107 487 4186 exemplaria,
516 4109 566 4185 qui
594 4108 713 4166 tandem
763 4128 865 4165 vooare
880 4107 1032 4166 desinant:
1053 4104 1121 4163 sola
1131 4101 1263 4192 omnium

214 4185 339 4244 existere
361 4207 414 4265 per
437 4206 468 4246 ae
492 4209 523 4247 ae
546 4198 713 4265 temereque
763 4188 875 4265 perite,
904 4208 937 4245 ac
968 4188 1113 4265 sapientes
1149 4180 1262 4244 Atomr,

164 4279 181 4333 3
188 4270 398 4342 spotuerunt?
428 4267 495 4325 Jam
517 4272 645 4325 animum
667 4268 713 4345 ip.
764 4268 859 4324 Musa
880 4266 1072 4325 celebrentur.
1112 4261 1190 4318 Nam
1214 4256 1265 4349 illa

213 4364 288 4413 aum,
311 4356 449 4416 mentem,
463 4358 552 4424 atque
569 4347 713 4405 rationem
764 4344 883 4422 quidem
922 4366 960 4405 ex
997 4344 1101 4403 atomis
1141 4338 1264 4416 Epicuri

817 4459 909 4523 μα
