3242 5150
270 378 275 389 '
366 407 431 470 eoo
712 399 1064 467 Auuerurrenes

365 595 544 660 epponem
568 571 607 638 ‘0
622 577 681 635 τῶν
692 575 786 653 δγίων
801 573 849 634 καὶ
861 573 1017 651 θεοφόρων
1029 571 1112 648 ἡμῶν
1125 567 1262 649 πατέρων
1277 570 1416 648 κρατείτω

368 678 465 740 κανὼν
492 675 539 738 καὶ
563 677 597 737 έν
621 675 744 748 τούτοις,
767 674 846 735 ὥστε
871 675 1079 753 πρεσβύτερον
1100 672 1157 752 πρὸ
1179 676 1238 733 τῶν
1260 670 1417 751 τριάκοντα

368 781 443 841 έτῶν
464 777 503 856 μὴ
525 777 773 859 χειροτονεῖσθαι,
796 772 853 856 κᾷν
874 773 952 836 πάνυ
974 770 994 858 ᾖ
1015 776 1031 835 ά
1055 774 1209 853 ἄνθρωπος
1231 773 1321 850 άξιος,
1345 770 1415 834 ἀλλ’

369 881 590 958 άποτηρεῖσθαι.
614 878 704 957 ὀγδρ
726 877 833 955 Κύριος
851 875 966 954 Ἰησοῦς
985 873 1113 955 Χριστὸς
1133 875 1167 935 έν
1190 876 1229 957 τῷ
1253 871 1417 953 τριακοστῷ

369 979 428 1042 έτει
451 980 628 1057 έβαπτίσθη,
653 979 700 1040 καὶ
721 978 830 1056 ἤρξατο
853 975 1013 1039 διδάσκειν·
1036 975 1152 1053 ὁμοίως,
1175 974 1248 1053 μήτε
1270 971 1416 1047 διάκονον,

368 1079 425 1161 πρδ
440 1085 499 1142 τῶν
514 1078 698 1143 εἰκοσιπέντε
715 1080 843 1159 χρόνων,
858 1075 877 1156 ἢ
897 1079 1092 1141 διακάνισσαν
1113 1076 1169 1155 πρὸ
1187 1081 1245 1138 τῶν
1267 1074 1417 1153 τεσσαρά·

370 1206 460 1244 κοντα
476 1183 550 1243 έτῶν
561 1185 807 1263 χειροτονεῖσθαι.
850 1180 901 1242 De
916 1186 1060 1261 tempore
1075 1199 1138 1261 quo
1150 1177 1276 1240 ordines
1290 1173 1417 1258 presby-

369 1281 486 1345 terales
498 1280 633 1344 conferri
649 1279 806 1356 solebant,
816 1280 959 1343 conseres
970 1287 1040 1343 tum
1047 1279 1070 1342 J
1073 1279 1177 1342 ustelli
1192 1276 1418 1361 Beveregiique

371 1389 464 1446 notes
486 1382 528 1445 ed
551 1382 644 1445 finem
667 1382 779 1445 horum
803 1381 1014 1446 Consiliorum
1036 1403 1057 1443 α
1078 1402 1129 1444 me
1151 1378 1332 1454 collocatus,
1348 1387 1418 1442 tum

372 1482 541 1568 Binghami
557 1483 711 1568 Aeiqeit.
727 1483 839 1547 Εοοθς.
857 1483 910 1546 lib.
927 1483 958 1546 ii.
974 1505 1042 1567 cap.
1058 1503 1104 1545 ιο.

756 1666 917 1729 CANON
942 1665 1033 1727 XII.

417 1802 452 1862 P.
474 1799 511 1862 18
512 1820 544 1884 5.
560 1798 580 1863 l.
596 1821 627 1880 4.
648 1801 824 1882 ἀνθρώπων]
851 1800 986 1862 Ζοιιατοα
1004 1797 1265 1861 Commentarius:
1281 1795 1343 1862 ‘Oe
1357 1798 1420 1876 ὑγι-

373 1903 465 1965 αίνων
486 1903 542 1980 μὲν
561 1903 748 1983 ὑπερετίθετο
768 1906 981 1981 βαπτισθῆναι,
1004 1900 1134 1978 νοσήσας
1155 1902 1197 1972 δὲ,
1214 1901 1262 1962 καὶ
1285 1901 1421 1963 κίνδυνον

372 2001 440 2081 περὶ
455 2000 509 2079 τήν
523 2000 599 2078 ζωὴν
623 2002 813 2081 ὑφορώμενος
832 2003 1011 2081 ἐβαπτίσθη,
1035 2001 1120 2067 οὗτος
1139 2003 1181 2066 είς
1200 2003 1363 2080 ἱερωσύνην
1385 2001 1421 2063 αθ

372 2101 604 2183 προαχθήσεται.
643 2107 725 2165 δοκεῖ
752 2106 809 2184 γδρ
836 2104 1068 2183 ἀναβάλλεσθαι
1091 2103 1126 2165 τὸ
1151 2104 1291 2183 φάτισμο
1315 2106 1364 2166 διδ
1386 2102 1420 2165 τὸ

373 2200 537 2281 φιλήδονον
560 2203 608 2265 καὶ
626 2206 823 2284 φιλόσαρκον,
845 2206 893 2268 καὶ
914 2205 948 2268 τὸ
971 2204 1074 2270 θέλειν
1096 2206 1206 2270 άνέτως
1226 2208 1288 2290 ζῇν,
1312 2204 1360 2266 καί
1379 2202 1421 2280 μή

372 2302 542 2381 ὑπαχθῆναι
564 2305 603 2385 τῷ
625 2305 702 2387 ζυγῷ
724 2307 778 2365 τοΰ
800 2304 988 2386 εὐαγγελίου,
1012 2307 1061 2369 καὶ
1083 2303 1118 2382 ἐξ
1139 2305 1269 2387 ἀνάγκης
1289 2304 1420 2384 ἡπίστις

375 2403 474 2474 αὐτοῦ,
500 2400 569 2465 ἀλλ’
600 2402 652 2465 οὐκ
682 2405 715 2466 ἑκ
743 2404 943 2484 προαιρέσεως
972 2404 1114 2486 γενέσθαι
1139 2405 1286 2484 φαίνεται.
1334 2406 1361 2465 εί
1388 2403 1422 2464 δὲ

374 2507 535 2570 σπουδαῖος
549 2507 624 2585 μετὰ
638 2504 672 2566 τὸ
687 2505 845 2584 βάπτισμα
860 2511 940 2586 φανῇ
955 2507 1023 2587 περὶ
1037 2507 1091 2585 τήν
1105 2513 1164 2568 τῶν
1186 2508 1274 2569 θείων
1291 2507 1422 2568 ἐντολῶν

374 2606 523 2686 φυλακην,
541 2609 589 2670 καὶ
603 2608 669 2688 περὶ
685 2608 738 2685 τήν
752 2610 855 2671 πίστιν
869 2609 1007 2687 βέβαιος,
1023 2609 1071 2671 καί
1085 2607 1193 2673 σπάνις
1204 2612 1248 2687 είη
1260 2608 1423 2687 ἀνθρώπων

374 2708 448 2788 πρὸς
464 2710 627 2788 ίερωσιίνην
643 2711 824 2787 ἐπιτηδείων,
842 2712 910 2773 τότε
925 2709 1094 2793 γενήσεται.
1141 2712 1242 2772 Porro
1257 2709 1341 2772 inter
1359 2706 1423 2772 alia

377 2809 543 2873 Balsamo:
567 2811 731 2890 σημείωοαι
745 2812 808 2883 οὖν,
826 2813 871 2873 ὅτι
887 2814 935 2874 καὶ
949 2814 1103 2894 ἀμφότερα
1120 2813 1280 2893 ὀφείλουσι
1294 2815 1421 2890 συνδρα-

374 2917 451 2989 μεῖν,
467 2911 485 2989 ή
499 2913 567 2990 περὶ
585 2912 638 2987 τὴν
660 2913 768 2992 άρετην
789 2914 913 2992 σπονδὴ,
931 2916 979 2977 καὶ
1000 2916 1019 2992 ἡ
1040 2914 1149 2981 σπάνις
1169 2920 1228 2977 τῶν
1250 2914 1422 2994 ἀνθρώπων.

377 3010 599 3094 Albaepineeus
614 3020 721 3075 eutem
733 3013 763 3075 in
778 3014 872 3078 Notis
883 3016 915 3078 in
926 3017 1081 3100 quosdam
1091 3016 1244 3093 Oenones,
1258 3013 1422 3078 observet.

376 3111 443 3194 ejus
458 3112 643 3195 subjunctis,
659 3113 727 3177 haee
742 3114 852 3178 scribit
865 3142 874 3190 ;
901 3119 985 3182 “De
1000 3120 1094 3202 hujus
1116 3118 1246 3182 canonis
1264 3115 1424 3181 sententia

377 3221 398 3251 “
415 3213 554 3277 dubitari
570 3214 669 3291 video,
686 3223 720 3278 et
734 3238 805 3279 eum
820 3217 914 3281 aliter
927 3241 948 3281 u
964 3220 1152 3303 quibusdem
1167 3219 1278 3304 accipi,
1294 3241 1389 3302 quem
1403 3241 1427 3282 ο

377 3323 400 3353 “
416 3314 567 3378 Patribus
583 3324 736 3401 concepte
751 3317 814 3381 sit:
840 3318 987 3382 nimirum
1002 3322 1062 3384 hoe
1078 3342 1198 3385 esnone
1211 3342 1232 3382 ο
1246 3319 1424 3383 sacerdotio

378 3423 399 3453 “
415 3437 470 3478 eos
484 3417 611 3500 penitus
626 3419 738 3493 areeri,
755 3419 856 3503 quiin
879 3420 1001 3486 obitum
1022 3446 1122 3506 usque
1142 3422 1335 3507 baptismum
1353 3443 1425 3506 pro-

378 3524 399 3554 “
414 3526 590 3600 rogassent,
622 3520 706 3605 quod
735 3520 860 3584 insanie
889 3523 1026 3606 quedam
1056 3530 1252 3587 notarentur.
1302 3522 1425 3585 Verum

378 3626 399 3655 ‘⁴
415 3616 650 3685 hallucinantur
664 3622 806 3707 egregie:
832 3645 906 3687 nem
921 3624 953 3688 in
968 3625 1029 3688 hoe
1043 3648 1164 3689 eunone
1178 3647 1241 3689 non
1256 3625 1364 3710 egitur
1384 3624 1426 3687 de

378 3724 400 3755 “
416 3719 466 3781 his
488 3722 540 3805 qui
565 3722 596 3785 in
618 3732 753 3787 mortem
777 3725 971 3810 baptismum
993 3726 1201 3799 distulissent,
1224 3726 1281 3789 sed
1302 3725 1342 3787 de
1364 3724 1428 3796 his,

378 3827 398 3855 “
415 3842 494 3905 quos
519 3845 602 3886 mors
632 3824 703 3903 (sor.
733 3827 887 3911 morbus),
919 3828 951 3891 in
980 3828 1050 3912 ipso
1079 3828 1362 3899 catechumenatu,
1392 3833 1427 3888 et

377 3929 397 3958 “
415 3928 586 4007 antequem
602 3926 643 3988 ed
659 3928 727 4009 ejus
741 3929 894 4013 temporis
914 3929 1035 3993 exitum
1053 3929 1231 4014 potuissent
1252 3925 1424 4012 pervenire,

377 4032 397 4059 ‘⁴
414 4034 609 4108 occupasset.
633 4026 743 4112 Neque
758 4053 778 4093 α
793 4030 972 4094 sacerdotio
987 4039 1157 4115 propterea
1170 4036 1330 4105 areentur,
1340 4027 1426 4111 quod

377 4132 398 4159 “
415 4146 453 4187 ee
474 4124 514 4188 de
534 4147 630 4189 ceusu
644 4137 750 4192 essent
765 4128 908 4203 infames,
925 4141 983 4195 eut
997 4131 1079 4194 mele
1093 4130 1251 4207 audirent,
1267 4130 1323 4192 sed
1342 4127 1427 4191 ordi·

378 4231 399 4259 “
415 4223 484 4286 neri
500 4246 698 4311 nequequam
713 4238 875 4311 poterent,
887 4236 939 4313 (ut
951 4233 983 4295 in
994 4233 1132 4316 quodam
1142 4253 1261 4295 cunone
1271 4229 1424 4309 hebetur)

379 4327 501 4409 “quod
524 4328 646 4408 dooere,
669 4330 743 4395 fidei
764 4354 883 4397 arcane
904 4334 1042 4408 tradere,
1065 4356 1233 4420 exponere,
1254 4340 1288 4396 et
1310 4340 1429 4397 eaeteru
