3242 5150
408 415 657 481 APOLOGIA
680 417 773 480 PRO
798 415 1026 480 ORIGENE.
1175 417 1237 482 871

189 605 298 647 corum
320 591 483 668 gestorum
505 586 633 662 1611166,
656 591 690 649 61
715 585 857 649 historiae
882 584 1119 670 scripturarum
1141 581 1241 647 fides!

188 691 253 756 Sed
271 715 499 778 persequamur
513 707 742 777 consequenter
760 692 859 757 etiam
878 692 950 770 alia,
967 692 1001 757 in
1015 693 1129 777 quibus
1143 713 1238 756 accu-

189 809 281 865 satur
294 803 384 887 quasi
399 803 479 866 duos
500 802 648 866 Christos
666 803 783 879 dicens,
799 822 898 864 unum
918 801 1024 865 Deum
1040 800 1192 877 Verbum,
1205 804 1239 864 61

189 909 287 973 alium
301 911 414 976 «Iesum
430 911 592 976 christum
607 911 661 995 qui
676 933 716 976 ex
732 909 840 976 Maria
855 916 1025 974 natusest.

381 1148 559 1233 Responsio
572 1149 616 1213 ad
629 1148 775 1233 quintam
789 1147 1051 1213 criminationem.

415 1331 504 1411 Quod
513 1352 593 1396 6666
606 1341 648 1396 cst
664 1330 802 1395 01111166
816 1331 922 1395 Filius
936 1332 1008 1396 Dei.

492 1525 544 1587 Ex
558 1523 661 1609 primo
677 1524 760 1588 libro
775 1524 816 1588 de
832 1523 939 1588 Esaia.

234 1658 400 1721 06166666.
423 1659 514 1723 Sicut
527 1658 605 1723 dicit
619 1659 955 1744 Apostolus—sccit.

236 1766 426 1832 Prummu.
453 1767 564 1832 Unum
586 1770 647 1832 hoc
670 1768 889 1833 testimonium
911 1773 960 1832 661
984 1768 1070 1851 quod
1093 1767 1239 1833 Christus

192 1875 212 1915 ³
220 1896 313 1938 verus
325 1897 407 1939 unus
417 1876 469 1955 sit,
481 1877 534 1961 qui
544 1877 790 1963 participatione
801 1877 850 1940 sui
865 1877 983 1941 multos
997 1876 1075 1941 iacit
1085 1875 1241 1940 Christos.

190 1983 410 2048 Adhibeamus
432 1993 540 2050 tamen
562 1992 597 2050 61
618 1985 704 2049 aliud
719 2007 759 2050 ex
781 1985 884 2069 primo
905 1985 987 2049 libro
1005 1987 1045 2049 do
1067 1983 1240 2070 Evangelio

190 2093 362 2157 secundum
378 2092 585 2172 Matthaeum,
599 2095 633 2159 in
648 2118 711 2180 quo
725 2096 786 2160 hoc
799 2095 896 2159 modo
911 2095 997 2160 dicit.

233 2203 398 2267 06166666.
421 2205 462 2269 Si
479 2205 618 2269 Christus
630 2207 879 2270 June-earo
889 2215 942 2271 661.

233 2313 428 2376 Pansnrcus.
445 2312 490 2378 Et
504 2314 538 2377 in
552 2314 650 2378 tertio
664 2313 745 2378 libro
761 2315 917 2399 Epistolae
932 2315 974 2378 ad
988 2313 1188 2379 colossenses
1200 2312 1240 2376 de

190 2421 309 2486 eisdem
324 2423 371 2487 ita
386 2421 505 2486 scribit.
542 2424 631 2485 Data
645 2433 793 2486 est—c
810 2423 937 2487 0161116.

234 2533 430 2594 Picumnus.
453 2530 603 2596 Sufficere
625 2531 738 2618 opinor
759 2532 857 2596 etiam
882 2533 922 2596 de
946 2531 1004 2595 hoc
1027 2530 1131 2595 tribus
1154 2529 1242 2594 testi-

190 2640 304 2703 moniis
315 2641 513 2704 confutatam
529 2661 597 2702 esse
612 2639 810 2704 calumniam.
842 2640 876 2704 Si
892 2640 962 2724 quis
976 2661 1053 2703 sane
1068 2637 1241 2702 offenditur

191 2748 276 2831 quod
303 2746 402 2811 dixit:
437 2746 635 2811 Salvatorsm
661 2749 757 2813 etiam
782 2750 921 2813 animam
949 2747 1140 2832 suscepisse:
1164 2746 1244 2809 nihil

191 2858 231 2920 de
248 2856 309 2920 hoc
330 2856 465 2941 amplius
487 2858 740 2941 respondendum
760 2866 849 2942 puto,
865 2858 926 2921 nisi
948 2857 1033 2941 quod
1055 2856 1149 2941 hujus
1170 2876 1241 2919 sen·

190 2963 301 3029 1611116,
322 2986 387 3027 666
401 2963 555 3047 Origenes
575 2972 689 3028 auctor
708 2975 766 3042 est,
783 2966 840 3029 sed
860 2966 929 3050 ipsa
945 2972 1058 3030 sancta
1077 2964 1244 3050 Scriptura

189 3078 338 3148 testatur,
362 3071 431 3155 ipsc
452 3070 590 3135 Domino
609 3079 643 3135 61
659 3071 825 3136 861161616
847 3072 989 3137 dicente:
1018 3073 1141 3136 ⁰Ncmo
1162 3071 1244 3136 161161

189 3182 327 3245 animaru
347 3202 445 3245 meam
465 3202 487 3243 6
507 3202 573 3244 me:
598 3186 643 3259 61,
657 3191 672 3229 ¹³
685 3180 796 3245 Tristis
816 3190 857 3245 661
879 3182 986 3245 auimo
1000 3203 1068 3245 mea
1089 3203 1180 3266 usquo
1200 3181 1246 3245 cd

189 3302 331 3355 monac:
355 3298 397 3368 61,
421 3293 541 3354 qNuuc
560 3291 669 3354 ocima
689 3288 896 3355 6661611616
915 3300 965 3355 cst.
1011 3289 1057 3355 Et
1076 3291 1179 3354 multa
1193 3291 1244 3354 his

189 3402 304 3466 similia
317 3399 351 3463 in
366 3401 485 3465 sanctis
499 3400 673 3485 Scripturis
687 3400 837 3464 invenies.

234 3515 387 3597 Superest
400 3513 591 3596 respondere
606 3512 648 3576 ad
663 3512 750 3575 illam
771 3510 1017 3586 accusationem,
1034 3530 1105 3593 quae
1125 3509 1242 3573 calum-

189 3622 298 3685 niatur
313 3642 384 3685 eum
399 3641 525 3684 omnem
548 3620 746 3705 Scripturam
766 3620 799 3681 in
814 3618 999 3703 allegoriam
1018 3625 1150 3681 1611616.
1190 3618 1242 3681 Ex

191 3730 267 3814 ipsis
281 3730 369 3793 libris
385 3751 464 3813 quos
478 3729 527 3792 161
541 3729 678 3793 maxime
694 3729 928 3791 obtrectatores
943 3726 1012 3809 ejus
1030 3725 1186 3803 incusant,
1207 3726 1241 3790 id
1286 3712 1293 3719 ⁸

190 3845 250 3916 est,
267 3840 307 3903 de
322 3845 438 3923 quarto
452 3839 519 3919 περὶ
533 3840 634 3919 ἀρχῶν
648 3836 741 3911 libro,
757 3835 961 3920 proferemus,
978 3832 1128 3918 quianon
1143 3840 1242 3919 negat

190 3969 229 4011 ea
253 3970 324 4030 quae
347 3948 381 4011 in
404 3946 577 4031 8611616116
598 3945 780 4010 referuntur
799 3944 897 4009 etiam
918 3944 1090 4009 secundum
1112 3942 1239 4008 literam

189 4062 292 4139 gesta.

257 4216 271 4245 ο
282 4206 355 4254 Joan.
366 4222 390 4253 x.
405 4208 441 4254 18.
593 4216 607 4254 1
620 4205 683 4253 Μ61.
695 4204 761 4252 xxvi.
775 4206 813 4265 38.
969 4204 1067 4253 (11666.
1080 4202 1121 4251 xii,
1135 4212 1172 4263 17.

624 4314 638 4341 ”
651 4312 714 4375 (sor.
727 4312 803 4373 vara)

674 4418 694 4480 3
711 4420 729 4461 6
746 4416 764 4461 6
