3242 5150
471 1199 508 1278 S.
538 1195 808 1281 DIONYSII
837 1193 1014 1282 ALEX.

391 1401 750 1480 EXOERPTA
789 1403 1092 1495 QUAEDAM

719 1629 759 1670 EX

417 1802 611 1865 NICETAE
635 1801 835 1866 CATENA
859 1803 1066 1867 PATRUM

629 1989 680 2048 IN
700 1990 858 2051 JOBUM.

598 2210 876 2252 ...φ-

725 2383 753 2448 Ι.

217 2468 305 2585 ΤΟ
325 2503 373 2603 δὲ,
393 2502 560 2609 ’Ὥσπερ
578 2507 643 2606 μία
665 2511 738 2586 τῶν
761 2505 931 2613 ἀφρόνων
956 2503 1152 2604 ἐλάλησαν,
1174 2503 1266 2591 mle

218 2648 266 2724 εἰς
283 2638 349 2741 τὴν
368 2643 467 2721 Εὔαν
478 2640 667 2748 ἐξέλαβον.
703 2642 876 2740 Ἐκείνην,
890 2645 1006 2747 φησὶν
1021 2643 1069 2741 (S.
1079 2658 1265 2738 Dionysius),

218 2774 382 2875 ἐμιμήσω
400 2773 466 2875 τὴν
483 2774 630 2878 πρώτην
648 2773 844 2881 δεξαμένην
860 2779 924 2875 τῆς
946 2778 1119 2879 ἁμαρτίας
1139 2777 1181 2857 τὸ
1204 2781 1266 2873 βέ-

217 2920 294 3009 λος,
320 2914 378 2989 καὶ
407 2916 635 3009 συμβουλαῖς
664 2912 799 3010 ὁμοίαις
828 2912 1173 3014 παρακρουσαμείνρν
1202 2913 1267 2994 τὸν

171 3045 324 3127 ῐθεὶκόνι
355 3052 450 3126 Θεοῦ
481 3048 710 3146 τετιμημένον
740 3050 870 3127 ἐκεῖνον
899 3050 958 3128 καὶ
988 3046 1111 3150 πάσης
1143 3052 1266 3135 κακίαι·

217 3182 413 3285 ἐλεύθερον.
439 3179 597 3283 ἠγνόησε
616 3178 688 3284 γὰρ
706 3190 769 3261 τοῦ
787 3181 904 3288 ὄφεως
919 3180 965 3261 τὰ
978 3186 1196 3265 πολύπλοκα
1209 3189 1267 3265 καὶ

216 3315 351 3395 σκολιὰ
371 3313 542 3414 νοήματα,
560 3318 619 3394 καὶ
636 3312 702 3415 τὴν
720 3317 850 3418 ἀγρίαν
867 3320 926 3396 καὶ
948 3319 1152 3397 ἀτίθασσον
1170 3316 1262 3424 φρό-

218 3486 335 3551 νησιν,
366 3449 433 3531 ι’δι’
468 3448 512 3549 ἢν
542 3450 614 3549 (for.
630 3462 754 3522 addend.
788 3453 936 3560 θηρίων)
971 3453 1035 3532 οὐκ
1067 3452 1267 3556 ἀνθρώπων

539 3616 752 3678 Patriciilunii
765 3622 973 3697 interpretatio,

172 3746 207 3805 15
281 3719 418 3779 Correcta
433 3719 474 3777 ad
491 3718 601 3781 (ἕνωσιν,
616 3734 677 3795 ιμισ
690 3714 833 3774 nonnullis
846 3720 877 3773 ιἰι
891 3717 958 3775 locis
972 3717 1120 3777 immutata
1130 3727 1205 3777 ιααι.

258 3850 338 3909 Illud
349 3870 427 3917 vero,
441 3848 592 3929 Tanquam
602 3867 660 3904 ιιαα
670 3848 713 3903 in·
765 3848 817 3924 qui
834 3846 891 3905 Dei
911 3848 1037 3925 imagine
1055 3859 1184 3916 ornatus,
1202 3870 1261 3907 om·

215 3931 241 3989 si
266 3930 377 3989 'entium
399 3931 514 4009 loquuta
536 3927 715 4005 es,q11idam
765 3929 855 4006 nique
871 3928 944 3987 vitio
961 3929 1036 3987 liber
1054 3940 1126 3994 erat,
1141 3929 1263 3989 circum-

216 4032 233 4069 a
267 4013 358 4068 Evam
373 4010 556 4080 retulerunt;
572 4007 660 4076 illam,
671 4010 716 4067 in·
766 4011 858 4067 venit.
889 4009 1264 4087 lgnombstenimillsser·

216 4090 291 4168 quit,
314 4091 427 4148 imitata
449 4110 489 4157 es,
514 4110 579 4167 quae
604 4092 714 4165 peccati
766 4091 864 4169 pentis
878 4090 990 4148 varium
1005 4102 1035 4149 et
1049 4090 1162 4149 vafrum
1182 4091 1264 4167 inge·

171 4181 208 4219 20
217 4171 308 4229 telum
324 4172 449 4249 primum
464 4171 589 4247 excepit,
602 4181 632 4228 et
646 4191 716 4229 con.
765 4171 858 4238 nium,
867 4171 988 4246 ejusque
1001 4182 1142 4249 agrestem
1154 4181 1184 4229 et
1195 4171 1264 4229 effe-

216 4251 288 4310 siliis
309 4250 387 4309 haud
405 4250 602 4317 dissimilibus,
622 4251 715 4320 illum,
766 4262 858 4309 ratam
884 4249 1083 4317 calliditatem,
1106 4252 1144 4308 ob
1168 4270 1265 4327 quam,

382 4380 397 4410 ι
408 4370 470 4420 Gsn.
482 4370 517 4418 iil.
530 4385 550 4418 ι.
932 4371 1011 4420 *Jos
1023 4371 1048 4419 li.
1064 4385 1101 4420 ιο.
