3242 5150
702 414 1075 483 ANNOTATIONES

759 650 913 716 OANON
936 651 1035 716 VIII.

415 773 453 836 P.
469 791 522 856 3¹·
538 771 558 834 l.
576 792 622 836 ιι.
637 772 855 855 ὁμολογοῦσιν]
882 773 950 842 Καὶ,
967 771 1051 856 quod
1074 771 1106 834 in
1128 769 1219 833 νάῖτιῖτ
1237 768 1310 832 huio
1325 770 1421 832 verbo

371 877 574 956 ὁμολογοῦσιν
598 873 764 959 praefixum
794 882 856 946 ost,
884 883 971 944 reete
999 873 1154 942 omibbunt
1182 894 1233 938 eos
1258 871 1422 936 Βνάάςῖαιιῖ

370 977 489 1062 scripti,
508 975 731 1060 Horvetnsque
745 976 912 1061 iuterpres.
962 978 1101 1053 Interea,
1116 977 1223 1040 forsan
1238 973 1422 1060 oprioetio·

370 1081 421 1146 nis
442 1081 558 1166 gratia,
581 1080 703 1144 hebent
724 1079 808 1144 oodd.
834 1083 883 1142 26.
906 1088 940 1143 ot
966 1084 1039 1164 625.
1062 1079 1116 1143 ἅθ’
1139 1081 1229 1145 οὕτως
1251 1103 1285 1142 τε
1309 1079 1423 1143 ἑαυτοῖς

368 1185 629 1263 προσεληλυθόσιν
658 1203 716 1266 pro
744 1189 806 1249 τοῖς
831 1207 864 1246 τε
888 1182 987 1248 αὐτοῖς
1009 1207 1040 1245 π.
1086 1181 1197 1266 Neque
1220 1179 1304 1244 enim
1327 1179 1423 1243 aIIter

372 1306 526 1350 eanonem
551 1293 716 1370 exponunt
740 1293 1007 1352 commentatores
1032 1284 1081 1348 veI
1106 1282 1223 1348 vetusti
1245 1281 1293 1345 vel
1315 1303 1422 1345 reeen-

372 1384 481 1450 tiores.
527 1383 660 1449 Habent
684 1387 798 1450 ἑαυτοῖς
818 1404 943 1468 quoque
962 1393 1022 1446 tres
1038 1392 1194 1466 praetenea
1210 1380 1320 1465 sumpti
1330 1406 1340 1452 ;
1365 1401 1424 1442 neo

372 1486 498 1550 diversa
519 1486 643 1550 ratione
665 1509 725 1549 vox
748 1485 919 1550 adhibetur
940 1484 1031 1554 initio
1053 1483 1192 1550 (lenonis
1211 1482 1353 1566 proxIme
1376 1503 1423 1545 se-

373 1588 511 1673 quentis.
558 1589 661 1653 Exue
688 1589 721 1654 in
751 1588 884 1652 Pedalie
913 1589 961 1652 καὶ
984 1591 1186 1668 ὁμολογοῦσιν
1212 1589 1335 1651 ἑαυτοῖς.
1385 1585 1424 1647 In

372 1691 469 1754 altera
485 1689 615 1774 Synopsi
629 1689 855 1770 προδεδομένοις
869 1711 929 1775 pro
944 1687 1201 1769 παραδεδομέναις.

419 1789 500 1854 Ibid.
517 1789 539 1852 l.
556 1792 603 1853 16.
627 1793 661 1868 τῇ
685 1790 872 1869 παρακλήσει
889 1792 1066 1874 τοῦλόγου]
1090 1790 1251 1853 Zonaras:
1281 1789 1347 1855 τοὺς
1368 1813 1425 1850 τοι·

372 1893 475 1958 aaron
491 1893 619 1972 εὔλογον
634 1893 726 1971 κρίνει
740 1894 757 1954 δ
772 1889 946 1974 ἀγιος-διά
960 1896 1054 1975 λόγου
1074 1898 1269 1974 παρακαλεῖν,
1284 1891 1349 1969 ἤτοι
1369 1896 1425 1954 διε·

374 1993 486 2075 γείρειν
500 1989 604 2058 αὐτοὺς
616 1993 657 2058 εὶς
668 1991 722 2070 τὴν
731 1995 903 2073 μαρτυρίαν,
916 1995 966 2060 ἵνα
976 1995 1049 2075 πρὸς
1060 1995 1113 2057 τὸν
1125 1995 1227 2076 ἀγῶνα
1236 1993 1426 2072 εὐτονώτερον

373 2095 530 2176 γένωνται.
555 2093 730 2177 Apostolus
745 2094 844 2159 habet
859 2103 911 2159 τοῦ
926 2098 1020 2177 λόγου
1034 2100 1085 2174 τῆς
1099 2095 1322 2176 παρακλήσεως.
1340 2093 1425 2157 Heb.

375 2194 429 2259 xii.
447 2214 497 2261 22.
522 2194 624 2259 Paulo
639 2205 712 2284 post
723 2195 870 2260 vitiosam
882 2207 1062 2267 mutaverat
1072 2198 1239 2262 lectionem
1252 2198 1427 2279 κληρώσεως

374 2297 407 2362 In
431 2297 564 2376 κλήσεως
588 2297 788 2383 Beveregius,
810 2299 1013 2364 firnmntibus
1034 2299 1190 2376 omuibus,
1213 2299 1326 2383 quibus
1352 2319 1427 2361 usus
1457 2311 1468 2326 ·

376 2421 459 2475 sum,
475 2401 645 2468 codicibus.

422 2504 505 2567 Ibid.
517 2503 537 2566 I.
551 2507 598 2566 18.
612 2505 743 2589 ἑπτάκις]
756 2505 923 2570 Βαῖιςυιποι
946 2507 980 2569 τὸ
991 2506 1119 2580 ἑπτάκις,
1131 2508 1197 2570 ἀντὶ
1208 2511 1260 2568 τοῦ
1271 2503 1426 2570 πολλάκις.

423 2607 461 2671 Ρ.
476 2625 529 2691 32.
556 2607 576 2669 l.
602 2627 630 2677 2.
660 2610 823 2688 μετανοίαν
851 2607 1052 2692 ἐνεδείξαντο]
1088 2607 1196 2672 Habet
1222 2607 1366 2669 Zonaras
1393 2604 1427 2668 in

377 2708 505 2785 Scholia,
520 2707 710 2787 άνεδεῖξαντο
726 2708 764 2774 ἀν
778 2711 969 2794 τελειοτάτην
981 2713 1152 2788 μετουσίαν.
1190 2707 1338 2771 Balsama
1353 2729 1428 2771 vero

378 2814 562 2889 Ivetsifuuro
577 2808 615 2874 ἀν
629 2811 819 2892 τελεωτάτην
832 2839 863 2891 μ.
909 2810 947 2873 In
967 2811 1031 2884 eod.
1051 2815 1125 2895 625.
1149 2810 1298 2877 soribItur
1317 2811 1424 2877 ἐνεδεί-

378 2938 494 2985 κνυντο.
540 2912 665 2980 Forsan
679 2914 797 2977 excidiI
811 2913 850 2978 ἀν
864 2923 937 3000 post
951 2916 1122 2992 μετανοίαν.

783 3117 937 3183 OANON
960 3118 1026 3181 IX.

425 3228 509 3292 Ibid.
531 3227 552 3290 I.
567 3246 600 3313 5.
624 3230 682 3294 Καὶ
704 3237 766 3296 τοῖς
788 3232 821 3293 δέ
843 3232 882 3297 ὥς
903 3231 940 3293 ἀν
963 3232 995 3308 ἐξ
1016 3228 1066 3293 ὑπ’
1087 3233 1181 3294 ῦπνου
1204 3232 1273 3314 δια]
1300 3230 1430 3315 Optime

380 3350 468 3393 more
496 3351 554 3393 suo
580 3332 744 3396 Zonaras>
773 3335 815 3397 Οῖ
839 3334 905 3414 άρτι
929 3338 982 3396 τοῦ
1004 3336 1097 3398 ὕπνον
1123 3333 1357 3413 ἐξανιστάμενοι,
1382 3337 1431 3401 καὶ

378 3438 497 3509 μάλλον
513 3437 540 3497 εἰ
553 3437 698 3513 δμάῦτνοι
713 3434 783 3508 εῖεν,
800 3436 835 3499 οῦ
850 3434 1051 3514 καθεστήκοτα
1064 3435 1117 3499 τδν
1131 3436 1281 3517 λογισμὸν
1296 3436 1429 3519 ἔχουσιν,

380 3538 462 3599 άλλδ
488 3536 709 3619 τεταραγμένον
735 3539 783 3601 καὶ
807 3537 1021 3609 ἀκατάστατον·
1044 3541 1188 3605 τοιούτοις
1208 3541 1429 3619 παρείκασενὸ

383 3637 554 3719 ῖερομάρτνς
578 3640 664 3705 οὗτος
688 3640 756 3707 τοὺς
780 3645 1014 3721 παραπηδῶντας
1036 3644 1078 3708 εἰς
1099 3639 1167 3707 τοῦς
1189 3643 1315 3723 ἀγῶνας,
1337 3641 1431 3722 ἤγουν

381 3736 449 3804 τοὺς
462 3738 503 3819 μὴ
519 3739 661 3807 εὐτάκτως
675 3742 756 3805 ἀλλά
770 3741 905 3822 θρασέως
923 3745 974 3812 aa}
993 3742 1215 3825 ἀπερισκέπτως
1235 3746 1431 3811 εῖσωθοῦντας

383 3838 505 3907 ἐαυτοῦς
523 3844 565 3909 εἰς
582 3842 635 3905 τδν
654 3844 767 3925 ἀγῶνα,
789 3845 944 3924 ὠδίνοντα,
966 3845 1015 3909 καὶ
1032 3846 1186 3926 μέλλοντα
1208 3848 1344 3922 ἐλκῦσαι,
1365 3847 1431 3910 ἀντὶ

383 3946 437 4004 τοῦ
453 3942 538 4021 μήπω
554 3946 596 4009 εὶς
614 3946 748 4026 φανερὸν
767 3947 942 4029 ἐκραγέντα,
956 3949 1039 4011 ἀλλά
1058 3950 1277 4028 μελετώμενον,
1293 3950 1342 4012 καὶ
1356 3948 1430 4027 μέλ-

385 4052 490 4119 λοντα,
513 4045 578 4124 ἢτοι
602 4049 800 4126 βραδύνοντα,
825 4050 949 4113 ἐλκῦααι
973 4047 1040 4115 τοῦς
1062 4050 1306 4132 ἀγωνιζομένους,
1326 4052 1433 4118 οἵτινες

385 4145 551 4225 πειρασμὸν
576 4149 768 4222 ἐπισπῶνται,
794 4150 888 4231 ἤγουν
909 4153 951 4217 εἰς
972 4150 1091 4219 ἑαυτοῖς
1112 4153 1234 4229 ἐλκονσι
1255 4153 1432 4233 πειρασμὸν,

384 4251 504 4325 μᾶλλον
518 4250 551 4313 δέ
565 4250 612 4313 καὶ
630 4252 735 4318 ἀλλοις
749 4258 866 4318 πιστοῖς
880 4251 1063 4317 ἀνάπτουσιν
1076 4256 1225 4335 δνθρακας
1239 4257 1431 4335 ἁμαρτωλῶν,

387 4351 439 4417 τὰς
454 4350 486 4413 ἐκ
500 4355 559 4421 τῶν
573 4351 724 4432 τυράννων
739 4355 877 4433 δηλονότι
893 4353 1041 4421 κολάσεις.
1089 4356 1170 4422 Ideo
1190 4355 1294 4421 solent
1313 4356 1431 4443 culpari
