3242 5150
307 396 357 459 IN
382 396 414 458 S.
439 394 587 458 PETRI
613 393 758 458 ALEX.
782 395 1102 459 FRAGMENTA.
1182 396 1226 468 69

174 567 218 631 ed
252 565 478 650 maffl'stratum
512 564 697 630 traxissent.
758 565 823 628 Sed
851 587 1034 650 quanquam
1066 566 1100 630 in
1130 589 1226 632 evan·

174 667 258 752 gello
296 667 329 732 S.
351 667 529 731 Matthaeus
561 665 659 730 habet
692 667 879 745 συμβουλίου
914 670 1067 748 λαβόντες
1101 671 1226 752 inrupto

177 771 264 832 ἱκανὰ
295 769 409 832 έδοκαν
438 773 499 835 τοῖς
532 769 733 848 στρατιώταις,
757 767 864 834 xxviii.
890 789 937 835 12.
968 771 1087 836 tentius
1117 781 1227 836 tamen

176 869 312 934 fortasse
342 869 429 954 apud
455 867 488 933 S.
513 867 633 934 Lunam
659 869 936 954 interpretandum
965 871 1000 936 τὸ
1034 873 1138 938 ἱκανὸν
1165 879 1225 948 est,

176 972 224 1035 uti
246 969 315 1034 lieri
337 970 430 1048 solet,
452 993 510 1056 per
531 971 697 1036 formulam
720 972 886 1050 sorensem,
909 974 986 1038 sotis
1006 979 1150 1060 αοαρονο,
1167 975 1226 1050 vel,

175 1072 250 1136 eolis
271 1071 409 1136 (Ιαοολνο
429 1070 489 1136 eibi
509 1095 628 1149 narare,
645 1072 676 1137 h.
689 1094 715 1136 e.
732 1073 855 1157 prodes
875 1076 1028 1152 eistmdos,
1049 1084 1116 1153 ant,
1133 1098 1226 1160 μυου-

174 1173 627 1258 eleemoynam.
662 1173 1226 1262 Valeatahabetetoooeptosotissoc»

176 1276 254 1339 tiom
276 1297 297 1338 α
319 1275 444 1340 «Ιαοοοο.
492 1275 588 1340 Certo
608 1275 823 1342 Tertullianus
844 1278 930 1344 haud
948 1280 1111 1356 oeasebat,
1130 1279 1225 1344 Jaao-

176 1398 248 1440 nem
263 1398 400 1461 suosque
415 1378 556 1462 peouniae
575 1378 720 1442 debuisse
738 1379 958 1444 liberationem
974 1403 1075 1458 suam,
1090 1382 1224 1446 interro-

175 1499 264 1563 gans,
288 1498 346 1562 qno
367 1478 498 1563 οαοννρῖο
524 1479 572 1542 usi
598 1480 716 1544 luerint
741 1481 915 1545 adversarii
940 1481 975 1545 io
998 1482 1227 1567 rednnptionem

176 1577 378 1641 traditiones?
398 1579 524 1663 apostoli
532 1580 787 1664 mioniae
797 1582 910 1667 anitati
919 1584 1041 1668 qnando
1052 1605 1083 1647 se
1089 1584 1227 1668 ροαιαία

175 1677 610 1765 annonast—quondo
638 1682 837 1768 Oeniptom
861 1695 916 1749 ant
940 1685 1061 1770 Aquila
1084 1695 1139 1748 ant
1159 1687 1225 1750 Ste-

169 1779 295 1864 ploons
308 1779 361 1844 λοο
374 1781 460 1846 modo
478 1783 520 1846 eis
539 1783 573 1846 ie
586 1784 790 1867 personalem
808 1789 1046 1851 αιοοοηονουνέ
1069 1788 1120 1851 De
1134 1789 1227 1872 ano

176 1883 210 1946 in
224 1883 379 1946 Pereecat.
396 1905 467 1970 ουρ.
482 1903 530 1948 ια.

553 2056 713 2119 CANON
739 2057 850 2120 XIII.

219 2189 319 2270 P.41.
339 2188 359 2252 l.
373 2209 402 2272 7.
423 2190 515 2254 πάλιν
538 2189 745 2275 συνήρπασαν]
770 2192 871 2256 Πάλιν
893 2215 933 2258 ox
954 2191 1083 2278 quinoque
1103 2192 1226 2277 ementis

174 2290 363 2366 Bodleiontln
379 2298 413 2355 et
432 2301 524 2354 estere
542 2292 702 2377 inerprea
722 2293 979 2379 OEoolampadio‚
998 2294 1119 2370 addidi,
1140 2295 1226 2379 qnod

174 2391 286 2456 soribae
309 2392 588 2477 pmtermiserant,
610 2393 700 2458 obliti
723 2394 848 2480 injuriae
870 2395 903 2459 in
928 2394 1021 2459 Pauli
1045 2394 1225 2478 disoipulos,

174 2513 245 2578 quae
260 2492 293 2556 in
309 2493 438 2558 (lenone
454 2495 542 2558 XII.
557 2503 807 2560 commemorata
822 2505 903 2560 erat.

218 2595 304 2659 Ibid.
318 2595 339 2659 l.
352 2616 382 2678 9.
398 2595 599 2680 βουλομένω]
616 2596 833 2682 Supplendum
848 2605 928 2682 puto
943 2598 990 2661 καὶ
1009 2599 1134 2662 Παύλου
1148 2605 1226 2663 ante

173 2696 372 2777 βουλομένου.
418 2698 529 2762 Habet
543 2698 607 2762 nod.
621 2702 670 2763 26.
687 2701 722 2763 οὗ
741 2699 940 2779 βουλομένου,
962 2698 1159 2783 etood.158.
1177 2700 1226 2763 sol

173 2798 373 2878 βουλομένου,
401 2798 735 2884 OEoolampadinsque‚
760 2812 789 2864 et
809 2800 960 2865 οοῑοανοτα.
1004 2800 1050 2864 Et
1072 2806 1226 2885 praestare

174 2922 258 2965 nuno
283 2900 375 2964 video
401 2900 449 2963 καὶ
472 2902 662 2979 βουλόμενον
685 2902 863 2967 Pedalium.
920 2903 1020 2966 Verso
1045 2901 1157 2965 ordine
1183 2900 1226 2964 le-

173 3009 294 3087 guntur
313 3000 411 3065 verba
432 2999 465 3064 io
489 3001 551 3065 eod.
572 3001 626 3065 illo
646 3006 720 3086 625.
741 3026 817 3068 nem
838 3026 897 3088 pro
921 3002 1071 3088 praesenti
1089 3003 1225 3068 lectione

174 3103 374 3183 συνεκδήμους
396 3104 522 3167 Παύλου
543 3104 743 3184 βουλομένου,
760 3104 792 3167 in
815 3126 853 3169 eo
875 3104 1029 3189 scalptum
1052 3110 1102 3168 est
1121 3127 1225 3167 συνεκ·

174 3202 281 3283 δήμους
296 3206 330 3267 οὔ
344 3203 535 3283 βουλομένου
550 3207 687 3269 Παύλου.

218 3305 301 3369 Ibid.
319 3306 339 3370 l.
356 3310 405 3369 16.
421 3305 606 3389 προσέχουσι
621 3309 661 3393 τῷ
675 3309 809 3391 λέγοντι]
832 3308 926 3371 Nanii
944 3308 1024 3371 cod.
1041 3306 1115 3370 MS.
1131 3331 1224 3386 προσ-

174 3406 290 3491 έχουσι,
305 3408 345 3491 τῷ
360 3405 484 3488 λέγοντι
497 3406 717 3487 πεισθήτωααν.
743 3408 853 3473 Recte.
891 3407 944 3472 Sic
959 3408 1043 3471 enlm
1057 3407 1225 3491 legendum

174 3512 289 3575 suadet
315 3532 390 3573 mox
415 3510 611 3594 subsequens
638 3510 924 3591 ὑπομνησθήτοσαν.
970 3511 1056 3575 Ηυίο
1080 3509 1225 3595 geminos

174 3614 261 3679 loous
286 3620 379 3677 extat
404 3613 486 3676 infre
511 3614 571 3677 sub
596 3614 691 3677 finem
715 3613 858 3677 Cononis
882 3612 981 3676 XIV.
1012 3614 1223 3677 Gennanates.

174 3715 296 3781 Contra
310 3715 387 3779 mihi
404 3715 528 3779 videtur
542 3715 737 3779 adsoititinm
754 3736 823 3779 esse
837 3714 1047 3792 πεισθήτοσαν
1059 3713 1129 3777 aliis
1144 3734 1224 3796 prae·

173 3824 262 3879 terea
280 3816 410 3881 Msstis
423 3816 580 3901 ignotum,
594 3838 695 3902 neque
715 3816 944 3901 sejungendam
966 3820 1045 3899 puto
1060 3836 1128 3878 esse
1143 3813 1224 3877 hano

174 3918 366 3982 sententiam
381 3940 402 3981 a
417 3917 632 4000 sequentibus,
648 3918 925 3997 ὑπομνησθήτωσαν
940 3917 988 3980 καὶ
1004 3917 1061 3979 δια.

217 4020 303 4084 Ibid.
318 4020 339 4081 l.
358 4021 403 4082 18.
421 4020 468 4082 καὶ
490 4021 558 4100 περὶ
576 4022 641 4103 τοῦ]
661 4020 761 4083 Deest
776 4018 960 4104 praepositio
974 4019 1007 4082 in
1018 4019 1134 4083 eodem
1149 4017 1222 4081 MS.

175 4123 353 4185 Glausai.
377 4120 409 4183 A
423 4130 555 4205 qnotner
574 4121 682 4185 itidem
702 4120 853 4185 wolioibne
874 4120 964 4183 Βαάλ
984 4120 1087 4183 abest.
1132 4120 1223 4193 Mox,

174 4243 242 4286 anm
259 4224 406 4285 deessent
426 4222 459 4285 in
474 4222 652 4287 editionibus
672 4224 768 4287 verba
782 4229 835 4287 τοῦ
855 4222 1008 4302 φονῶδους
1021 4218 1158 4301 Ἡρώδου
1175 4222 1223 4281 καὶ

168 4326 270 4405 ’πάσης
284 4329 335 4403 τῆς
357 4326 536 4405 προσδοκίας
557 4330 609 4387 τοῦ
632 4329 716 4395 λαοῦ,
733 4324 801 4387 haeo
816 4321 1224 4404 consentientibuspraeter
