3242 5150
349 403 391 468 78
685 400 1064 464 ANNOTATIONES

348 568 427 631 sitas
446 589 525 650 opus
544 588 644 651 nuper
659 567 773 632 edente
796 567 829 630 in
845 568 952 630 'l'omo
967 589 1020 630 vn.
1038 567 1222 631 Colleotionis
1241 589 1307 631 suae
1336 568 1397 632 Va.

348 670 537 752 Scriptorum
547 691 577 752 p.
586 689 596 730 ι
604 689 656 754 34.
667 676 793 733 constat
805 669 972 733 Leontium
979 670 1075 732 verba
1086 669 1262 753 posteriora
1273 670 1306 732 in
1317 670 1398 733 libro

346 771 492 836 attulisse
512 793 579 843 sue,
598 771 714 851 Πέτρου
731 770 877 850 μάρτυρος
891 771 975 834 adra
988 770 1201 851 Ἀλεξανδρίας
1216 773 1250 834 ἐν
1267 774 1307 855 τῷ
1330 774 1398 851 περὶ

346 879 396 953 τῆς
408 876 691 956 ἓνδημίαςΧριστοΰ.
706 875 751 937 Τὸ
757 876 984 954 συναμφότερον
994 874 1093 937 τοίνυν
1102 874 1309 949 detrimentive
1319 875 1398 942 Θεὸς

346 975 383 1054 ἣν
411 978 512 1056 φύσει,
537 977 584 1040 nai
609 977 736 1057 γέγονεν
767 976 922 1055 ἄνθρωπος
952 976 1054 1057 φύσει.
1111 975 1151 1037 In
1180 973 1292 1038 eodem
1322 996 1396 1038 vero

346 1077 481 1163 egregiae
496 1077 697 1142 collectionis
719 1076 877 1141 volumine
892 1076 974 1162 Imp.
990 1077 1010 1140 J
1013 1077 1190 1140 ustinianus
1209 1077 1241 1138 in
1257 1077 1397 1161 Epistola

347 1202 405 1244 sua
419 1190 523 1245 eontra
537 1180 763 1266 Moaopltysitas
776 1202 797 1243 a
814 1180 903 1243 Maio
917 1180 1052 1264 primum
1067 1178 1155 1243 edita
1166 1179 1198 1243 S.
1211 1180 1300 1242 Petri
1309 1183 1396 1261 ῥῆσιν

336 1293 421 1369 ,post
436 1305 541 1348 vocem
557 1289 694 1364 παραδῶς
708 1283 843 1346 afferens
858 1286 894 1345 τὰ
904 1283 1116 1362 συναμφότερα
1126 1303 1185 1365 pro
1195 1282 1229 1344 τὸ
1239 1285 1394 1362 συναμφό-

347 1411 434 1467 τερον
449 1394 481 1450 et
497 1386 596 1449 πάντα
610 1388 668 1449 ὅσα
683 1408 741 1470 ρτο
757 1387 854 1449 πάντα
869 1385 1023 1448 invenisse
1038 1385 1172 1449 videtur.
1190 1407 1261 1468 pag.
1273 1405 1346 1468 307.

392 1490 527 1566 P.48.1.
548 1507 597 1570 17.
622 1491 675 1552 Ea
690 1491 800 1552 Primo
814 1489 851 1552 da
871 1489 988 1551 Anima
1008 1473 1162 1563 daromae]
1210 1487 1285 1551 Duo
1308 1488 1396 1551 istaee

347 1591 544 1676 Fragmenta
566 1593 670 1676 operis
693 1593 724 1656 S.
737 1591 839 1666 Petri,
863 1591 948 1676 quod
970 1590 1110 1674 appellat
1126 1591 1177 1652 De
1191 1591 1311 1653 Anima
1326 1593 1396 1653 Ser-

346 1716 456 1758 monem
482 1695 655 1779 Procopius
678 1695 810 1758 Gazaeus
833 1693 865 1756 in
890 1695 1047 1756 Commeat.
1072 1693 1106 1755 ia
1130 1694 1258 1756 Gestatio
1280 1715 1349 1777 cap.
1364 1713 1395 1775 3.

346 1797 437 1861 nobis
455 1797 591 1860 servavit
608 1799 687 1881 Imp.
703 1797 879 1860 Jostiaiaai
894 1796 939 1858 ad
951 1797 1097 1858 Meoaam
1112 1796 1263 1880 Epistola,
1278 1796 1310 1858 in
1333 1818 1397 1879 qua

346 1900 473 1984 quidem
497 1900 630 1986 epistola
656 1899 867 1984 Origenianus
891 1899 931 1962 de
955 1898 1194 1981 praeexistentia
1218 1899 1395 1962 animarum

346 2002 506 2066 refutatur
523 2023 620 2064 error.
665 1999 765 2079 Ῥῆσις
786 2009 893 2064 autem
915 2001 1012 2084 prior,
1034 2022 1106 2063 oum
1129 2000 1219 2064 initio
1242 2010 1310 2064 tum
1333 1999 1396 2063 fine

346 2112 451 2178 aucta,
473 2102 504 2167 in
522 2102 646 2167 Leontii
667 2103 835 2186 Byzantini
856 2104 1021 2165 δοονοουυυ
1040 2102 1121 2166 libro
1141 2103 1278 2166 secundo
1293 2111 1394 2177 extat,

346 2206 436 2290 eujus
451 2206 572 2281 titulus,
590 2229 654 2282 seu,
670 2228 744 2291 pars
765 2207 877 2292 prima,
892 2228 912 2270 a
927 2206 983 2269 ael.
1001 2205 1091 2270 Maio
1106 2206 1137 2269 in
1157 2207 1268 2269 eodem
1283 2228 1394 2290 supra·

346 2308 441 2373 ‹lictae
468 2308 670 2373 Collectionis
696 2309 852 2372 volumine
876 2332 894 2372 e
919 2309 1010 2372 codd.
1035 2306 1201 2371 Vaticanis
1224 2306 1312 2371 edita
1334 2315 1394 2371 est.

346 2434 376 2496 p.
391 2430 432 2491 74
445 2414 500 2475 &a
525 2412 642 2476 Confer
653 2435 724 2498 pag.
737 2413 785 2496 85.
814 2411 957 2476 Eandem
971 2433 1044 2476 vero
1055 2409 1143 2473 Petri
1155 2412 1241 2491 ῥῆσιν
1251 2409 1396 2474 similiter

345 2520 473 2579 anetam
503 2519 599 2577 antea
628 2511 768 2577 videram
797 2511 830 2575 in
860 2512 998 2579 editione
1025 2513 1170 2577 Romam
1196 2513 1229 2575 S.
1251 2512 1397 2596 Dionysii

345 2614 430 2678 Aeo.
447 2637 465 2678 e
488 2614 595 2679 codiee
611 2614 770 2679 Vaticano
790 2637 875 2680 num.
890 2636 964 2701 553.
981 2618 1180 2700 prodactam,
1196 2618 1287 2702 eujus
1304 2616 1396 2680 initio

345 2738 439 2781 voees
461 2723 511 2781 τοῦ
534 2723 617 2782 Θεοῦ
638 2722 769 2799 Χριστοῦ
795 2741 854 2803 pro
878 2719 938 2783 illis
963 2726 1016 2783 τοῦ
1042 2719 1189 2799 δευτέρου,
1211 2720 1266 2782 sed
1293 2718 1397 2781 minus

346 2818 437 2893 bene,
452 2819 564 2903 positae
578 2829 662 2884 sunt.

391 2917 429 2978 P.
444 2933 497 2999 50.
520 2917 542 2978 l.
566 2936 614 3003 13.
640 2916 832 2981 Tunioarum
854 2928 1050 2982 seortearum
1071 2921 1268 3006 aliarumque
1290 2944 1397 2985 rerum

346 3018 543 3101 quamndam
566 3018 598 3081 in
622 3019 777 3082 Paradiso
801 3020 870 3103 dre]
927 3020 1006 3100 Quae
1032 3020 1083 3083 hia
1106 3030 1301 3086 memoratur
1322 3022 1396 3085 alle·

344 3118 453 3203 gorioa
477 3119 712 3205 interpretatio,
729 3120 855 3185 tunicas
877 3122 909 3183 in
932 3122 1082 3206 paradiso
1097 3124 1243 3207 pelliaeae
1262 3145 1396 3208 corpora

345 3220 523 3305 significare
554 3222 714 3286 hominum
745 3224 891 3289 docebat.
936 3225 997 3306 Qui
1026 3226 1110 3289 enim
1140 3226 1247 3290 omnia
1275 3226 1331 3290 ina
1356 3227 1396 3290 de

345 3323 454 3408 primis
469 3323 597 3388 humani
611 3326 735 3409 generis
750 3328 937 3411 parentibus
950 3350 971 3392 a
986 3327 1081 3392 Mose
1097 3328 1218 3392 tradita
1234 3329 1335 3392 trahit
1353 3329 1395 3393 ad

345 3426 512 3510 mysticam
541 3427 698 3493 rationem
729 3429 891 3515 Origenes,
922 3430 949 3494 is
977 3430 1093 3495 litteris
1121 3431 1285 3495 mandavit
1315 3432 1397 3495 hana

345 3528 538 3607 tunicarum,
564 3552 633 3615 quae
656 3532 788 3617 antiqua
810 3533 883 3610 suit,
905 3533 1142 3619 expositionem.
1189 3534 1241 3597 De
1267 3533 1316 3598 his
1341 3556 1396 3597 au-

346 3637 411 3694 tem
435 3631 532 3696 rebus
555 3634 701 3698 consulas
724 3635 941 3701 doctissimum
967 3636 1123 3701 Huetium
1144 3636 1177 3699 in
1204 3637 1397 3721 Oripeaiaoia

346 3733 399 3796 lib.
422 3734 455 3797 ii.
473 3744 587 3819 quaest.
604 3736 657 3800 xii.
678 3738 707 3819 §.
727 3756 754 3821 7.
777 3761 808 3823 p.
827 3757 898 3824 237.
945 3740 1085 3803 Tantum
1102 3739 1232 3816 notabo,
1252 3739 1398 3804 similiter

346 3835 591 3920 interpretatum
615 3838 850 3903 'l'ertullianum
872 3841 968 3904 faisse
987 3840 1104 3904 Jaaobi
1125 3841 1165 3903 de
1180 3841 1309 3905 Christo
1323 3863 1395 3926 pro·

346 3938 497 4021 photium,
522 3940 656 4005 Levatio
677 3943 711 4005 ia
733 3943 803 4005 aino
824 3943 930 4007 stabam
951 3965 1038 4006 ersom
1060 3954 1087 4007 et
1109 3944 1143 4007 ia
1165 3944 1310 4028 sooqairw
1331 3967 1398 4007 aaa

345 4040 490 4103 aotiotum
510 4063 607 4120 ουυοι,
624 4044 655 4107 in
671 4046 724 4110 lib.
743 4047 782 4109 iv.
807 4048 879 4111 ado.
901 4047 1055 4111 Marcion.
1072 4070 1099 4111 ο.
1115 4066 1166 4127 40.
1184 4047 1331 4121 Lavabit,
1352 4049 1397 4111 in-

346 4142 427 4225 quit,
442 4143 475 4206 in
495 4144 567 4208 vino
588 4148 643 4211 tro.
666 4147 772 4212 stolam
790 4159 817 4212 et
836 4150 980 4212 amictam
1000 4171 1122 4213 cornera
1141 4150 1355 4225 demontrans,
1371 4161 1399 4213 et

347 4244 450 4308 vinam
471 4249 656 4332 sanquinem.
702 4250 850 4315 Getarum
871 4251 975 4315 obiter
997 4253 1397 4330 monendumest,l‘1·0eo

347 4347 475 4431 pianum
492 4352 758 4431 Caramantesium,
780 4354 864 4417 unde
887 4355 955 4418 haea
976 4354 1010 4418 in
1032 4362 1157 4419 textum
1180 4357 1342 4441 desoripai,
1362 4359 1396 4420 ia
