3242 5150
512 447 543 508 S.
568 445 756 510 PETRUS
780 445 928 510 ALEX.
1200 448 1245 512 st

194 615 349 698 λέιτονσι
367 614 592 714 παυσάμενοι
610 620 674 714 τῆς
688 616 902 723 κενοδοξίας.
933 616 1113 719 ἁρκεῖγὰρ
1126 620 1245 705 αὐτοῖς

193 752 216 850 ἡ
235 752 410 849 κοινωνία,
426 752 500 849 μετ’
520 750 747 838 ἐπιστάσεως
768 755 827 834 καὶ
849 753 1029 856 ἀκριβείας
1055 751 1147 855 πρὸς
1168 756 1242 852 νἰμ·

194 887 330 992 φότεροι
347 888 525 991 γινομένη,
543 889 600 968 καὶ
619 888 677 969 ἵνα
698 886 748 988 μὴ
776 887 914 996 δόξασι
936 894 1129 972 λυπεῖσθαι
1155 888 1246 988 μετὰ

193 1025 277 1118 βίος
294 1020 618 1127 περιδρασσόμενοι
632 1027 696 1122 τῆς
708 1023 867 1104 ἐντεῦθεν
880 1023 1101 1122 ἀναλύσεως,
1114 1026 1174 1104 καὶ
1186 1024 1245 1105 ἵνα

165 1156 244 1257 stoi
266 1191 357 1240 τινες
381 1153 603 1251 ἐκπεσόντες,
630 1157 926 1263 προφασίζονται
949 1161 998 1242 ὡς
1025 1156 1072 1238 ἂν
1095 1157 1155 1240 διὰ
1178 1157 1245 1258 τὴν

193 1289 363 1398 ἀφορμὴν
379 1295 444 1391 τῆς
461 1293 634 1390 ἐπιτιμίας
653 1291 942 1389 ὑπεκλελυμένοι·
972 1292 1114 1376 οἵτινες
1129 1293 1245 1373 πλέον

194 1425 364 1507 ἁπάντων
391 1427 568 1530 αἰσχύνην
595 1428 654 1506 καὶ
682 1424 814 1510 ὄνειδος
840 1426 976 1532 ἕξουσι,
1003 1429 1079 1508 κατ’
1113 1430 1245 1509 ἐκεῖνον

194 1557 278 1640 Ιτόν
295 1559 477 1640 τεθεικότα
495 1560 671 1660 θεμέλιον,
687 1563 745 1639 καὶ
763 1557 814 1659 μὴ
829 1559 1035 1663 ἰσχύσαντα
1044 1562 1241 1642 ἐκτελέσω·

195 1695 366 1801 ἄρξονται
378 1694 460 1797 γὰρ,
472 1697 578 1801 φησὶ,
590 1693 721 1778 πάντες
732 1700 765 1774 oi
778 1691 1106 1796 παραπορευόμενοι
1116 1697 1243 1794 ἐμπαί·

147 1827 264 1930 ιοζειν
281 1829 377 1934 αὐτῷ
394 1827 574 1929 λέγοντες,
594 1827 696 1911 οὗτος
715 1827 735 1907 ό
754 1826 942 1928 ἅνθρωπος
960 1825 1124 1925 θεμέλιον
1141 1828 1244 1927 ἔθηκε

194 1966 252 2043 καὶ
271 1964 335 2042 οὐκ
353 1963 507 2067 ἴσχυσεν
525 1963 722 2042 ἐκτελέσαι.

575 2149 759 2224 ΚΑΝΩΝ
796 2150 860 2224 ΙΑ.

252 2309 302 2386 Oi
319 2302 391 2407 γὰρ
408 2310 544 2406 πρῶτοι
567 2301 893 2406 παραπηδήοαντες
919 2307 957 2385 ἐν
981 2311 1033 2412 τῷ
1057 2302 1245 2410 βρόσματι

195 2446 260 2518 τοῦ
279 2443 448 2540 διωγμοῦ,
463 2445 695 2542 περιεστῶτες
715 2443 763 2522 εἰς
776 2437 818 2516 τὸ
833 2436 1071 2542 δικαστήριον,
1086 2441 1144 2517 καὶ
1157 2445 1243 2518 θεω-

149 2610 161 2647 1
168 2581 340 2676 ςροῦντες
369 2569 451 2657 τούς
483 2574 606 2675 ἁγίους
633 2568 816 2677 μάρτυρας
847 2570 1069 2656 σπεύδοντας
1097 2576 1173 2653 γἐπὶ
1201 2571 1244 2653 τὸ

195 2714 367 2811 βραβεῖον
384 2711 448 2805 τῆς
467 2706 540 2787 ἅνω
559 2704 732 2807 κλήσεως,
750 2708 788 2785 ἐν
807 2710 908 2815 καλῷ
925 2712 977 2813 τῷ
995 2705 1092 2814 ζήλῳ
1103 2712 1240 2809 προθυ-

195 2842 363 2941 μούμενοι
380 2844 557 2924 ἐπιδίδουν
581 2839 725 2925 ἑαυτοὺς
747 2847 794 2924 είς
813 2848 928 2937 τοῦτο,
946 2847 1072 2945 πολλῇ
1089 2847 1135 2947 τῇ
1152 2846 1244 2947 παῤ-

196 2978 308 3083 ρησίρ
326 2976 510 3080 χρώμενοι·
539 2976 780 3075 ἐμβλέποντες
793 2975 958 3087 μάλιστα
973 2973 1054 3061 τοὺς
1065 2979 1244 3081 ὑποσυρο-

197 3185 228 3243 in
251 3182 417 3243 humilitate
442 3184 558 3261 degant,
580 3204 597 3241 s
622 3202 696 3241 vens
746 3194 777 3242 et
791 3203 850 3241 non
864 3183 963 3261 potuit
978 3185 1123 3263 pertinere.
1163 3186 1244 3245 Inci-

152 3288 188 3325 20
197 3264 289 3343 glorio
311 3274 463 3323 cessantes.
517 3262 571 3322 Eis
597 3274 695 3321 sutem
743 3262 825 3340 pient
844 3264 928 3330 ιπίιπ,
951 3265 1056 3341 inquit,
1077 3287 1171 3325 omnes
1234 3286 1244 3326 ι

199 3344 306 3403 sufficit
330 3344 514 3402 communio:
545 3362 631 3420 qusm
654 3344 697 3403 its
744 3344 1025 3421 preter-gredientur,
1045 3345 1161 3403 dicere:
1183 3288 1244 3406 llic

221 3424 310 3483 lacuit
321 3423 410 3481 etstui
425 3443 491 3482 oum
507 3434 587 3481 teoto
601 3424 694 3481 consi·
747 3422 827 3480 Ιιουιο
853 3424 936 3502 erepit
962 3424 1114 3503 edificare,
1139 3435 1166 3484 et
1190 3447 1243 3485 non

198 3444 239 3561 lio
253 3502 443 3581 diligentique
463 3503 609 3569 cautione,
625 3502 696 3561 dus·
745 3500 837 3577 potuit
851 3524 1053 3563 οοιιιυιπιποτε.

200 3583 294 3642 busde
303 3583 396 3641 oensis
402 3604 411 3653 ;
424 3593 486 3641 tum
496 3604 533 3641 ne
542 3583 697 3643 videantur

155 3662 494 3745 251notestiaaffici,qui
512 3663 581 3721 forti
600 3662 697 3721 snimo
879 3679 1033 3738 οΑΝοΝ
1055 3681 1111 3739 xl,

200 3743 324 3821 aggressi
338 3753 407 3803 sunt
421 3742 604 3801 indereverti
617 3742 697 3814 (hino

201 3821 419 3880 dissolutionem
444 3824 474 3880 vi
501 3823 695 3901 arripientem:
789 3823 880 3881 Primi
895 3824 983 3891 enim,
998 3826 1048 3902 qui
1064 3825 1094 3883 in
1109 3846 1243 3905 persecu·

201 3912 262 3959 turn
291 3922 329 3960 ne
354 3900 444 3979 sliqui
472 3902 599 3980 elapsis
624 3922 696 3980 proe-
747 3903 836 3963 tionis
852 3903 966 3961 fervore
967 3905 1184 4041 a{irosilieruot
1194 3907 1243 3982 ju-

202 3980 322 4039 tendsnt
336 4000 368 4040 se
381 4001 417 4039 ex
437 3981 585 4040 occasione
605 4002 697 4059 ρωποι
748 3982 845 4043 dicum
866 3982 966 4041 tribuo
1015 3984 1245 4052 circumstantes,

159 4086 193 4141 30
202 4060 312 4119 animos
331 4060 537 4139 despondisse:
561 4061 611 4138 qui
633 4062 697 4138 qui·
748 4072 779 4120 et
802 4073 917 4121 sanctos
948 4075 1099 4142 martyres,
1123 4065 1173 4142 qui
1209 4066 1246 4123 ml

203 4139 265 4198 dem
279 4140 345 4218 plns
355 4160 442 4217 quam
451 4160 551 4199 omnes
561 4142 696 4219 probrum
749 4142 880 4199 bravium
918 4163 1051 4221 supernoe
1087 4144 1247 4203 vocationis

203 4231 233 4276 et
241 4219 427 4296 ignominiam
437 4220 599 4279 hebebant:
623 4221 698 4279 siout
750 4221 938 4292 festinabant,
967 4224 1160 4302 aspicientem
1195 4224 1246 4281 ho·

205 4298 252 4357 ille
273 4300 322 4375 qui
345 4298 568 4357 fundamentum
590 4301 697 4379 posuit,
750 4311 832 4359 nesto
853 4302 1038 4361 emulatione
1058 4303 1182 4371 incitati,
1202 4324 1245 4361 se·

367 4488 379 4515 x
400 4476 461 4523 bno·
474 4476 522 4522 xiv.
536 4488 573 4536 ιο,
585 4491 624 4536 ‚³0-
868 4490 881 4527 ν
899 4477 988 4539 Philip.
1000 4478 1033 4525 iii.
1046 4492 1083 4538 ¹4·
