3242 5150
382 366 425 431 16
728 366 1083 433 ANNOTATIONES

382 537 514 601 Arianis
529 559 695 614 consensu,
712 538 752 601 de
767 559 833 621 qua
845 559 881 602 re
896 537 1038 600 nonnihil
1054 535 1198 600 dicturus
1212 559 1293 600 sum.
1331 537 1437 614 certo,

380 647 418 703 ut
432 639 480 702 ait
496 637 611 703 Oavius
625 640 708 702 Hisl.
725 639 788 703 Lis.
806 639 839 702 in
860 661 935 703 voce
955 639 1125 714 Laciadas,
1140 638 1173 700 in
1193 638 1278 701 illius
1298 639 1436 721 gratiam

379 741 538 805 trahenda
560 748 646 814 sunt,
663 763 734 825 qum
757 742 797 804 de
819 762 858 804 eo
882 741 980 804 habet
996 739 1121 803 Suidas.
1168 738 1207 801 In
1227 740 1288 803 hac
1310 762 1436 824 quoque

380 842 540 926 Apologia
560 843 688 908 (lhristo
708 841 864 906 asseritur
878 841 1048 906 Divinitas.
1094 842 1145 904 Ex
1161 864 1224 905 una
1238 851 1350 907 autem
1370 843 1436 927 epi-

380 944 534 1008 stolarum
555 944 597 1008 ab
614 943 813 1028 Hieronymo
828 951 863 1007 et
878 943 977 1008 Suida
998 944 1050 1006 bic
1072 956 1321 1008 memoratarum
1339 944 1433 1009 breve

381 1047 542 1130 quoddam
560 1047 757 1125 ἀπόσπασμα,
774 1046 876 1109 solum
897 1045 982 1129 quod
1002 1052 1117 1120 restat,
1139 1045 1271 1130 sumpsi,
1285 1047 1432 1130 idemque

387 1148 476 1232 posui
491 1155 567 1212 ante
584 1146 715 1211 [sciciani
731 1147 921 1233 Apologiam
936 1169 957 1211 a
972 1147 1088 1211 Rufino
1104 1145 1220 1211 Latine
1235 1169 1370 1211 versam.

766 1338 1044 1388 ...φ-..-

423 1489 534 1552 Exrsr
557 1490 643 1574 apud
667 1487 883 1553 Athanasium
902 1489 952 1551 Dc
967 1487 1108 1570 Synodis,
1124 1510 1154 1552 n.
1169 1506 1219 1572 23.
1241 1510 1272 1572 p.
1284 1507 1357 1573 735.
1380 1490 1430 1552 cd.

379 1591 604 1665 Benedictinae,
629 1589 787 1653 Hilarium
811 1590 862 1652 De
884 1589 1024 1671 Synodis,
1049 1611 1078 1652 n.
1097 1589 1146 1651 28.
1170 1611 1243 1673 pag.
1264 1592 1356 1654 1168.
1381 1591 1429 1652 od.

377 1692 574 1757 'Benedictis
603 1693 831 1774 Socratemque
851 1690 934 1753 Hice.
950 1689 1034 1753 Eocl.
1048 1690 1078 1752 ii.
1097 1710 1143 1753 ιο.
1173 1691 1324 1773 Confessio
1346 1714 1429 1776 quse⁴

377 1796 451 1859 dam
479 1795 575 1859 Fidei
596 1794 629 1857 iu
654 1792 856 1858 Antiocheno
882 1791 1033 1868 Concilio,
1059 1813 1144 1855 anno
1161 1812 1236 1876 341.
1264 1794 1430 1858 occasione

378 1897 598 1960 Encaeniorum
615 1897 786 1974 celebrato,
801 1916 866 1957 una
880 1915 951 1957 cum
968 1894 1091 1958 duabus
1111 1894 1181 1957 aliis
1196 1893 1340 1958 formulis
1356 1918 1429 1980 pro·

377 1998 452 2073 lata,
479 2019 585 2082 quam,
610 2005 740 2059 auctore
767 1997 942 2060 Soaomeno
963 1995 1048 2059 Hm.
1072 1995 1156 2059 Ecel.
1173 1996 1215 2059 iii.
1235 2017 1267 2079 5.
1298 1997 1428 2062 aiebant

377 2099 491 2164 Ariani
508 2121 542 2162 se
557 2098 711 2182 reperisse
726 2097 878 2182 scriptam
894 2119 989 2161 manu
1005 2097 1103 2182 ipsius
1120 2099 1251 2163 Luciani
1267 2101 1426 2184 martyris.

371 2199 506 2282 Ἔλεγον
521 2202 552 2262 δὲ
568 2201 676 2279 ταύτην
690 2201 744 2277 τὴν
759 2201 860 2262 πίστιν
878 2196 1054 2280 ὅλόγραφον
1075 2199 1229 2280 εὑρηκέναι
1249 2204 1426 2278 Λουκιανοῦ,

375 2307 427 2364 τοῦ
447 2300 482 2364 ἒν
498 2303 678 2386 Νικομηδεία
691 2299 942 2380 μαρτυρήσαντος,
959 2302 1066 2381 ἀνδρὸς
1077 2301 1114 2363 τά
1128 2326 1160 2364 τε
1172 2302 1255 2364 ἄλλα
1271 2302 1426 2381 εὐδοκιμω-

375 2401 473 2478 τάτου,
492 2403 606 2468 καὶτὰς
622 2403 701 2480 ἱερὰς
715 2405 835 2484 γραφὰς
850 2404 892 2467 εἷς
910 2402 1001 2482 ἄκρον
1019 2403 1227 2483 ἠκριβωκότος·
1252 2406 1379 2485 πότερον
1393 2408 1426 2468 δὲ

375 2505 491 2583 ἀληθῶς
513 2508 603 2567 ταῦτα
625 2504 756 2585 ἔφασαν,
772 2501 790 2581 ἢ
810 2503 865 2582 τὴν
885 2505 963 2567 ἰδίαν
982 2504 1102 2587 γραφὴν
1121 2510 1370 2584 σεμνοποιοΰντες
1384 2509 1424 2592 τῷ

375 2608 515 2686 ἆξιῶμάτι
535 2613 589 2670 τοῦ
609 2605 761 2689 μάρτυρος,
777 2608 883 2687 λέγειν
906 2606 958 2669 οὐκ
979 2607 1048 2689 ἔχω.
1084 2606 1165 2671 Haee
1186 2608 1246 2670 ille.
1282 2614 1328 2688 Τῇ
1352 2636 1424 2690 yvp-

375 2712 488 2789 σιότητι
506 2710 632 2795 quidem
650 2709 760 2793 scripti
775 2708 884 2773 lavent
904 2730 975 2771 cum
995 2708 1058 2785 alii,
1079 2716 1148 2773 tum
1166 2732 1240 2773 vero
1255 2711 1370 2775 Gavius
1389 2720 1424 2775 et

374 2812 570 2897 Basnagius3
605 2833 707 2895 neque
734 2811 836 2874 inesse
866 2810 894 2873 ei
925 2811 1099 2894 quidquam
1129 2810 1264 2889 videtur,
1294 2814 1376 2898 quod
1402 2836 1423 2877 a

376 2912 506 2977 Luciani
522 2913 729 2996 temporibus,
743 2912 791 2975 vel
807 2911 848 2975 ab
864 2912 1044 2975 orthodoxa
1056 2913 1129 2989 lide,
1146 2914 1321 2978 abhorreat
1330 2940 1339 2990 3
1362 2916 1422 2978 nisi

373 3013 399 3076 si
415 3012 498 3077 sorte
513 3012 626 3098 aliquis
641 3034 762 3085 sensus,
775 3019 811 3075 ut
824 3013 926 3075 verbis
939 3012 1102 3076 Sozomeni
1115 3022 1199 3090 utar,
1211 3014 1289 3077 mihi
1304 3014 1421 3078 incom-

373 3124 493 3198 pertus,
517 3115 548 3177 in
570 3114 673 3177 verbis
695 3114 763 3198 ejus
785 3113 872 3178 latet.
918 3113 975 3177 Sin
996 3135 1071 3176 vero
1094 3113 1218 3198 phrasis
1240 3115 1346 3199 aliqua
1367 3140 1421 3181 ex·

372 3216 468 3280 istem
491 3217 626 3291 videtur,
643 3216 728 3279 haud
752 3214 949 3280 satisfaciens
969 3215 1105 3279 sortasse
1127 3217 1420 3303 temporibusque

371 3326 481 3381 secuta
498 3325 582 3393 sunt,
606 3318 639 3381 S.
664 3326 771 3381 tamen
796 3317 923 3381 Hilario
946 3318 1130 3401 opusculum
1153 3317 1309 3403 placuisse
1333 3320 1419 3383 haud

371 3420 511 3484 oblivisci
526 3420 684 3485 debemus.
720 3419 861 3505 Benigne
876 3441 1001 3504 quoque
1016 3429 1133 3504 praeter
1148 3418 1282 3483 Canium
1298 3420 1419 3485 Basca

370 3521 519 3606 giumqne
541 3522 581 3585 de
603 3522 663 3585 hac
678 3521 751 3585 fidei
766 3520 901 3585 formula
922 3522 1020 3585 sensit
1036 3520 1192 3586 llaronius
1211 3522 1244 3585 in
1260 3521 1354 3586 Notis
1375 3525 1418 3586 ad

371 3624 536 3707 martyrol.
552 3625 732 3699 Romanum,
752 3624 784 3686 in
805 3646 868 3707 quo
884 3622 1118 3707 Martyrologio
1137 3625 1179 3687 ad
1198 3624 1275 3688 Jan.
1289 3642 1318 3707 7.
1334 3625 1419 3689 inter

369 3725 432 3790 alia
452 3725 604 3811 scriptum
624 3732 685 3803 est,
700 3724 804 3789 badas
819 3726 953 3788 Laciaai
966 3735 1102 3788 mactum
1121 3726 1273 3790 Joaaacm
1289 3728 1415 3810 Odrysa-

367 3838 492 3892 smmum
507 3826 695 3892 celebravisse
705 3855 716 3901 ‚·
741 3850 811 3913 quae
828 3827 955 3911 quidem
973 3828 1115 3890 Homilia
1135 3828 1240 3892 adhuc
1260 3837 1414 3893 servatur.

370 3930 474 4011 Quum
489 3952 562 3994 vero
580 3938 647 3994 tres
666 3930 710 3993 illi
730 3930 938 4003 Athanasius,
955 3928 1109 4006 Hilarius,
1125 3930 1335 4017 Socratesque
1350 3931 1414 3994 lor-

368 4031 486 4095 mulom
506 4031 600 4095 istam
618 4030 762 4094 Luciano
782 4032 865 4095 haurd
887 4032 1132 4116 adscripserint;
1156 4033 1304 4117 solusque
1321 4036 1414 4099 Sozo-

367 4155 478 4197 menus
500 4134 694 4197 Arianorum
717 4133 886 4218 praesulum
910 4134 1134 4212 narrationem,
1158 4136 1198 4198 do
1221 4158 1284 4219 qua
1306 4144 1413 4200 tamen

367 4235 506 4310 dubitat,
531 4236 762 4311 memoraverit,
787 4236 838 4299 vix
862 4237 1008 4320 equidem
1030 4236 1132 4300 ausim
1159 4260 1230 4301 cum
1256 4239 1294 4301 ol.
1322 4239 1413 4302 llullo

366 4336 541 4422 symbolum
563 4337 648 4400 istud
671 4336 784 4401 afferre
806 4345 959 4421 tanquam
982 4361 1003 4401 a
1027 4338 1170 4403 Lucieno
1195 4340 1413 4404 indubitanter
