3242 5150
360 367 424 429 412
655 365 905 442 RELIQUIAE
931 367 1108 432 sAcRAE.

359 536 432 638 γὰρ
459 540 497 616 ἐκ
524 543 597 614 τῶν
624 536 768 636 ἀτόμων
794 538 1008 641 Ἐπικούρου
1036 538 1223 640 Θεογονία,
1242 543 1315 615 τῶν
1341 534 1414 635 μὲν

359 672 514 774 ἀπείρων
541 669 689 768 κόσμων
723 668 848 776 ἕξορός
877 675 987 769 ἐστιν,
1020 677 1069 756 είς
1101 670 1139 750 δὲ
1168 669 1234 770 τὴν
1263 668 1414 774 ἄπειρον

359 806 538 903 ἀκοσμίαν
555 803 831 912 πεφυγάδευται.

415 940 654 1042 Ἐργιῖζεσθαι
673 940 715 1019 δέ
738 975 780 1040 γε
808 943 866 1020 καὶ
895 945 1043 1037 διοικεῖν,
1062 943 1121 1020 καῖ
1144 943 1336 1044 εὐεργετεῖν
1361 975 1411 1038 τε,

359 1079 417 1153 καὶ
435 1072 689 1175 προκήδεσθαι,
708 1077 766 1152 καὶ
785 1073 1003 1170 τὰτοιαῦτα,
1022 1081 1096 1158 τοῖς
1113 1073 1179 1172 μὲν
1196 1077 1331 1176 ἀργοῖς,
1351 1079 1438 1156 καὶὸ

358 1207 508 1315 ἀφροσι,
527 1213 585 1288 καὶ
610 1209 792 1306 ἀσθενέσι,
810 1212 870 1288 καὶ
895 1209 1114 1312 κακούργοις,
1132 1209 1221 1293 ἴσως
1249 1212 1407 1313 ἐπαχθῆ,

361 1342 413 1428 οἷς
429 1341 661 1449 ἐγκατέλεξεν
679 1341 804 1423 ἑαυτὸν
821 1344 1042 1446 Ἐπίκουρος,
1061 1351 1206 1423 τοιαῦτα
1220 1341 1410 1449 φρονήσας

361 1481 441 1579 περὶ
460 1484 532 1556 τῶν
551 1482 668 1556 Θεῶν.
696 1485 770 1560 τοῖς
788 1476 827 1556 δὲ
845 1478 1064 1574 σπουδαίοις,
1084 1479 1141 1557 καὶ
1160 1480 1334 1576 δυνατοῖς,
1349 1479 1410 1555 καὶ

360 1619 530 1708 συνετοῖς,
549 1613 608 1690 καὶ
626 1611 829 1716 σώφροσιν,
842 1611 936 1694 οἵους
954 1607 1041 1689 εἶναι
1059 1609 1130 1715 χρὴ
1148 1609 1230 1693 τοὺς
1253 1609 1409 1717 φιλοσό-

361 1753 465 1852 φους·
492 1744 600 1850 πόσῳ
617 1779 660 1845 γε
676 1751 822 1842 μᾶλλον
840 1741 922 1827 τοὺς
940 1744 1080 1841 Θεούς;
1113 1746 1178 1848 ούχ
1203 1743 1300 1827 ὅπως
1317 1746 1409 1842 ἀηδῆ
1424 1775 1460 1813 ιο

361 1881 548 1958 ταῦτακαὶ
567 1876 766 1979 προσάντη,
786 1876 886 1956 ἀλλά
904 1881 962 1956 καὶ
986 1876 1217 1980 τερπνότατα,
1236 1881 1294 1955 καὶ
1311 1874 1407 1956 πάν-

361 2047 432 2091 των
450 2019 595 2110 μᾶλλον
613 2008 888 2109 ἀοπαστότατα,
907 2009 959 2095 οἷς
976 2009 1019 2090 τὸ
1036 2008 1174 2108 ἀμελὲς,
1192 2013 1250 2088 καὶ
1268 2011 1310 2089 τὸ
1321 2010 1410 2109 μίλ-

360 2156 437 2224 λειν
454 2180 489 2224 τι
506 2143 674 2246 πράττειν
691 2153 764 2224 τῶν
781 2153 964 2251 χρηστῶν,
982 2145 1124 2242 ὄνειδος,
1137 2150 1185 2229 ὡς
1203 2147 1353 2228 ἐκείνους
1371 2179 1410 2225 τε

361 2277 509 2378 ποιητὴς
528 2284 686 2359 νουθετεῖ
699 2279 975 2377 συμβουλεύων,

476 2415 573 2512 Μηδ
594 2412 870 2508 ἀναβάλλεσθαι
888 2416 924 2496 ἐς
941 2414 972 2492 τ’
992 2414 1122 2514 αὔριον·
1422 2441 1456 2498 15

362 2551 421 2627 καὶ
439 2555 752 2651 προσεπαπειλῶν,

824 2683 835 2710 t
890 2687 900 2712 ¹

474 2688 552 2763 Αῖεὶ
571 2689 600 2762 δ’
620 2687 861 2787 ἀμβολιεργος
879 2680 968 2785 ανὴρ
986 2681 1095 2788 ἄτῃσι
1113 2684 1270 2764 παλαίει·

361 2817 452 2915 ἡμᾶς
470 2851 508 2897 τε
527 2815 743 2920 σεμνότερον
761 2816 916 2899 παιδεύει
933 2816 1133 2923 προφήτης,
1152 2820 1329 2920 θεοπρεπῆ
1345 2814 1411 2915 μὲν

361 2951 472 3036 ὅντως
499 2953 588 3054 ἔργα
614 2952 660 3031 τά
687 2955 763 3032 κατ’
784 2950 913 3056 ἀρετὴν
941 2950 1110 3056 ὑπάρχειν
1136 2950 1263 3053 λέγων,
1282 2949 1346 3031 τὸν
1373 2948 1411 3029 δὲ

364 3193 543 3270 Theogonis,
566 3212 602 3251 ex
626 3193 747 3253 infinitis
772 3195 860 3253 etiam
911 3215 968 3273 que
993 3214 1103 3273 aspera,
1128 3214 1229 3253 verum
1255 3193 1342 3252 etiem
1360 3191 1458 3267 juso

362 3272 480 3331 mundis
502 3272 641 3338 exulavit,
663 3275 693 3330 in
717 3274 861 3332 infinitam
912 3274 1087 3333 cundissims
1114 3284 1193 3340 sunt,
1222 3272 1411 3347 omniumque

362 3352 861 3429 perturbationisvostitatemejecte.
912 3355 1098 3413 suavissima:
1114 3354 1220 3432 quibus
1233 3351 1412 3429 negligentia

406 3430 506 3488 Moliri
520 3432 640 3509 aliquid,
651 3433 862 3501 administrare,
912 3454 1067 3512 rerumque
1093 3436 1232 3492 bonerum
1257 3430 1411 3510 procrasti-

363 3512 543 3580 benefscere,
565 3515 727 3591 providere,
749 3514 863 3591 aliaque
912 3514 993 3571 natio
1031 3513 1163 3572 dedecori
1196 3512 1320 3571 vertitur
1332 3533 1341 3581 ;
1374 3508 1411 3567 sd

365 3592 481 3661 similia,
512 3593 655 3654 inertibus
685 3595 801 3671 quidem
830 3615 863 3652 ac
914 3613 986 3670 quos
1002 3592 1075 3651 illud
1095 3592 1302 3651 commonentis
1316 3600 1456 3669 poetsen5

365 3672 473 3739 stultis,
497 3672 641 3733 debilibus
668 3696 701 3733 ec
728 3694 862 3751 nequam,
914 3672 1065 3732 consilium
1081 3674 1238 3751 pertinent,

365 3750 487 3809 molesta
507 3753 583 3811 forte
602 3755 670 3822 sint,
690 3774 813 3832 quorum
833 3774 863 3814 ee
998 3753 1155 3811 ——Cras
1167 3772 1201 3809 ne
1213 3757 1375 3825 expectato:

366 3849 498 3897 numero,
509 3831 578 3888 dum
594 3833 664 3891 teliu
675 3834 711 3892 de
723 3834 789 3891 Diis
800 3854 865 3892 sen·
955 3832 1011 3890 Cui
1050 3852 1117 3890 mox
1158 3831 1410 3889 comminationem
1505 3839 1508 3844 ’

365 3910 412 3974 tit,
425 3907 572 3986 Epicurus
581 3910 722 3989 adjungit.
740 3912 784 3971 At
795 3933 865 3971 vero
914 3914 989 3971 hanc
1002 3912 1145 3989 adjungit,

365 3988 511 4054 studiosis,
550 3989 723 4058 valentibus,
762 3992 862 4050 indus·
951 3992 1106 4052 Cunctator
1115 3989 1459 4068 θαιυιιίιιτιιιριτίυσ-3ο

365 4068 440 4134 tuis,
464 4078 552 4145 etque
577 4068 741 4141 solertibus,
766 4073 863 4148 cujus·
996 4080 1075 4131 tatur
1089 4072 1209 4131 acerbis.

364 4147 443 4205 modi
453 4148 864 4229 philosophos(quentomegis
915 4152 959 4211 At
980 4173 1033 4211 nos
1053 4152 1169 4228 gravius
1193 4150 1323 4210 instituit
1343 4168 1412 4229 pro·

367 4227 483 4301 Densi)
522 4248 585 4288 esse
612 4242 745 4308 oporteat
756 4255 765 4302 ;
805 4252 864 4289 non
915 4234 1012 4312 pheta.
1041 4231 1110 4290 dum
1137 4242 1168 4291 et
1195 4231 1323 4289 actiones
1346 4248 1413 4287 cum

365 4306 452 4365 modo
473 4328 532 4366 non
555 4309 714 4388 injucunde
738 4313 799 4371 baec
820 4322 865 4369 et.
915 4312 1025 4371 virtute
1052 4311 1222 4390 conjunctas
1253 4310 1319 4369 Deo
1346 4327 1415 4367 vere
