3242 5150
336 433 554 498 CONCILII
579 435 849 498 AN'CYRANA
874 435 1103 500 CANONES.
1181 437 1245 503 117

196 602 328 704 νότητι·
359 600 506 685 τοθτους
523 604 571 686 ὡς
589 599 659 708 ἔξω
677 600 930 704 ἁμαρτήματος
953 602 1069 700 ὄντας,
1085 609 1150 703 τῆς
1167 638 1241 683 κοι-

194 737 323 819 νωνίις
351 734 401 834 μὴ
431 733 647 816 κωλυέσθω.
683 740 712 814 εἱ
746 735 783 816 δὲ
815 739 872 815 καὶ
904 736 1141 838 ἐκωλύθησαν
1173 736 1245 817 ὑπό

196 903 302 966 τινος,
319 867 580 972 περισσοτέρως
606 870 785 971 ἀκριβείας
802 870 929 961 ἕνεκεν,
949 868 973 965 ἢ
992 873 1054 949 καί
1071 905 1178 951 τινων
1199 875 1244 952 ίι-

197 1004 311 1110 γνοίᾳ,
323 1002 424 1088 εὐθὺς
435 1007 714 1107 προσδεχθῆναι.
735 1013 842 1085 τοῦτο
860 1004 1040 1104 δέόμοίως
1052 1006 1113 1086 ἐπί
1122 1040 1162 1085 τε
1174 1012 1247 1086 τῶν

171 1143 237 1219 5ε’κ
255 1148 320 1219 τοῦ
338 1137 473 1242 κλήρου
487 1142 546 1219 καί
563 1146 635 1219 τῶν
649 1139 776 1220 ἄλλων
794 1147 941 1221 λαὶκῶν.
967 1140 1246 1248 προσεξετόσθη

199 1271 237 1353 δὲ
265 1275 414 1379 κᾴκεῖνο,
434 1280 464 1352 εἰ
490 1272 657 1353 δύνανται
682 1277 740 1353 καὶ
769 1280 960 1380 tanate&
988 1277 1078 1380 αὐτῇ
1105 1275 1244 1382 ἇνόγκῃ

200 1406 450 1503 ι’πτοπεσόντες,
474 1406 699 1510 προάγεσθαι
728 1414 777 1490 εὶς
804 1405 919 1513 τάξιν.
951 1409 1072 1516 ἔδοξεν
1100 1411 1247 1490 οὖνκαὶ

199 1541 354 1639 τούτους,
372 1545 420 1626 ὡς
438 1542 547 1641 μηδὲν
560 1540 819 1644 ἡμαρτηκότας,
839 1550 869 1620 εί
888 1546 945 1621 καὶ
963 1543 986 1641 ἦ
1003 1552 1247 1643 προλαβοῦσα

200 1678 398 1781 εὑρίσκοιτο
416 1674 504 1778 ὀρθὴ
522 1683 585 1756 τοῦ
603 1677 686 1770 βίου
703 1677 876 1773 πολιτεία,
894 1675 1186 1781 προχειρίζεσθαι.

155 1901 191 1939 ιο
600 1875 785 1950 ΚΑΝΩΝ
814 1878 860 1951 Δ.

258 2007 349 2107 Περὶ
365 2010 437 2084 τῶν
454 2001 545 2106 πρὸς
562 2005 649 2096 βίον
667 2003 866 2101 θυσόντων,
884 2007 942 2085 ἐπὶ
968 2005 1006 2084 δὲ
1031 2006 1169 2090 τούτοις
1190 2013 1248 2086 καὶ

201 2147 272 2219 τῶν
285 2136 552 2238 δειπνησόντων
565 2140 635 2237 (for.
647 2141 704 2218 ἐπὶ
719 2139 756 2219 δὲ
770 2139 886 2247 τούτῳ
899 2144 957 2220 καὶ
970 2131 1254 2242 δειπνησόντων.

202 2291 261 2350 vid.
273 2282 350 2380 not.)
371 2279 419 2357 είς
437 2273 484 2353 τὰ
501 2273 641 2370 εἴδωλα,
660 2272 742 2354 ὅσοι
760 2273 826 2372 μὲν
839 2273 1069 2378 ἀπαγόμενοι,
1083 2280 1141 2356 καὶ
1155 2277 1249 2382 σχή-

201 2442 286 2504 ματι
298 2409 519 2517 φαιδροτερῳ
532 2413 701 2509 ἀνῆλθον,
714 2412 772 2488 καὶ
787 2412 913 2508 ἐσθῆτι
923 2409 1125 2514 ἐχρήσαντο
1134 2422 1249 2491 πολυ·

156 2578 191 2637 15
201 2542 469 2650 τελεστίρμκαὶ
476 2543 653 2649 μετίσχον
664 2552 728 2624 τοῦ
738 2543 1099 2647 παρασκευασθέισος
1108 2547 1249 2627 δείπνου

202 2676 414 2785 ἀδιαφόρως·
440 2679 572 2786 ἔδοξεν,
589 2677 748 2760 ἐνιαυτὸν
772 2683 982 2783 ἀκροᾶσθαι,
1001 2680 1194 2759 ὑποπεσεῖν
1211 2680 1250 2760 δὲ

201 2813 283 2916 τρία
300 2812 371 2911 ἔτη,
389 2814 493 2917 εὐχῆς
512 2810 551 2893 δὲ
566 2810 678 2912 μόνης
696 2818 909 2911 κοινωνῆσαι
922 2813 984 2912 ἔτη
998 2812 1072 2909 δύο,
1091 2815 1149 2891 καὶ
1167 2812 1248 2892 τότε

345 2944 513 2977 att}

203 2950 319 3026 ἐλθεῖν
337 2980 393 3027 επι
411 2980 454 3027 το
471 2959 618 3031 τελειον.

205 3107 290 3167 vitoe:
309 3108 362 3166 hos
375 3108 458 3167 velut
468 3119 549 3167 extra
563 3108 700 3168 delictum
751 3108 787 3168 ad
803 3109 857 3167 hoc
870 3109 996 3168 officium
1012 3108 1143 3187 provehi.

157 3187 388 3253 aomnstitutm,
432 3210 449 3247 a
490 3188 702 3247 communionis

204 3268 297 3347 gratia
317 3287 375 3326 non
394 3279 537 3328 vetamus.
580 3268 612 3327 Si
633 3290 701 3327 vcro
884 3251 1037 3311 CANON
1058 3252 1118 3313 IV·

204 3348 342 3427 prohibiti
374 3360 443 3407 sunt
474 3350 510 3408 ab
545 3348 700 3427 aliquibus,
792 3352 836 3406 De
850 3349 896 3406 his
909 3348 959 3425 qui
979 3348 1138 3408 sacrificare
1157 3349 1249 3407 coacti

204 3438 324 3506 propter
354 3428 522 3508 ampliorem
547 3427 700 3497 cautelam,
752 3440 832 3495 sunt,
844 3429 962 3503 insuper
976 3439 1006 3487 et
1017 3439 1205 3487 coenavernnt
1219 3429 1250 3486 in

205 3505 253 3565 vel
268 3518 387 3601 propter
408 3510 597 3586 quorumdam
619 3510 701 3587 igno·
751 3507 851 3573 idolio,
866 3508 1041 3586 quicumque
1057 3529 1168 3578 eornm,
1183 3529 1248 3567 cum

157 3594 338 3659 25rant1am,
375 3588 473 3647 statim
515 3590 572 3649 reci
594 3589 700 3647 iantur.
751 3588 937 3654 ducerentur,
951 3587 1250 3648 loetiorahabitufuc·

208 3666 379 3725 Hocautem
388 3668 522 3728 similiter
532 3681 562 3728 et
573 3610 609 3727 ge
618 3668 702 3727 cleri·
751 3680 821 3727 runt
831 3680 862 3727 et
876 3667 1058 3726 vestimentis
1071 3668 1249 3747 pretiosiori-

206 3746 256 3811 cis,
266 3756 296 3805 et
304 3745 341 3805 da
354 3748 435 3806 laicis
445 3748 549 3808 ceteris
557 3748 702 3807 observari
751 3750 806 3809 bus
820 3749 864 3807 usi
880 3759 958 3814 sunt,
970 3759 1000 3807 et
1015 3762 1182 3827 preparate
1193 3768 1249 3807 coe·

206 3829 365 3885 conveniet.
388 3826 587 3905 Perquisitum
598 3838 642 3887 eat
652 3846 703 3885 au·
751 3848 797 3886 τις.
810 3828 1011 3887 indifferenter
1028 3829 1184 3908 participes
1200 3847 1249 3886 ex·

206 3915 311 3963 temet
330 3906 452 3971 illud.si
474 3918 595 3987 possunt
614 3908 701 3966 etiam
752 3908 910 3966 stiterunt:
945 3907 1065 3987 placuit,
1093 3930 1143 3968 eos
1173 3908 1250 3966 inter

156 3985 282 4058 3ola'1'ci.
292 3984 341 4062 ‘lui
354 3986 385 4044 in
396 3986 448 4044 has
461 3987 640 4047 necessitatis
651 4006 701 4044 an·
753 3987 906 4046 audientes
922 4007 982 4046 uno
998 4008 1075 4046 anno
1089 3986 1226 4047 constitui
1240 4009 1249 4056 ;

205 4065 317 4142 gustiaa
346 4065 522 4134 inciderunt,
550 4065 587 4126 ccl
619 4067 702 4125 cleri·
753 4068 941 4126 succumbere
951 4087 1020 4125 vero
1034 4068 1128 4127 tribus
1145 4067 1249 4136 annis3

206 4155 289 4202 catus
301 4145 431 4204 ordinem
446 4147 625 4223 promoveri:
641 4146 703 4225 pla·
754 4147 784 4204 in
808 4147 940 4205 oratione
963 4158 1060 4206 autem
1090 4146 1250 4206 communi·

207 4224 270 4282 cuit
283 4244 362 4302 ergo,
375 4236 405 4283 et
419 4226 481 4293 hos,
493 4238 640 4303 tamquam
652 4226 703 4303 qui
754 4246 820 4285 carc
833 4227 971 4298 biennio;
994 4237 1024 4285 et
1040 4239 1112 4285 tunc
1128 4226 1165 4284 ad
1186 4244 1250 4299 per·

207 4303 281 4361 nihil
296 4316 498 4382 peccaverunt,
512 4306 536 4364 si
551 4318 582 4365 et
598 4326 703 4383 praece·
754 4306 889 4366 fectionis
902 4307 1024 4386 gratiam
1038 4305 1199 4385 pervenire.

157 4400 196 4458 35
208 4380 281 4441 dens
297 4402 397 4442 eorum
413 4385 472 4443 vita
486 4384 641 4463 probabilia
655 4386 703 4453 sit,
