3242 5150
383 391 449 454 280
632 385 908 450 CONCILIUM
934 379 1195 448 ROMANUM.

876 764 943 830 111.

554 959 623 1032 DE
650 959 796 1032 Acris
823 957 993 1032 HUJUS
1018 953 1265 1037 CONCILII,

503 1161 696 1232 Amisene
717 1159 848 1249 nuens
871 1147 956 1219 nu'c
979 1153 1312 1224 manutenemus,

388 1346 421 1410 S.
434 1345 575 1431 Optatus
589 1345 636 1409 Do
651 1344 817 1409 Schemate
830 1343 1077 1419 Donatistarum,
1091 1341 1144 1406 lib.
1157 1341 1178 1404 i.
1194 1361 1285 1426 capp.
1297 1355 1450 1418 22-27.

719 1477 750 1540 p.
766 1457 905 1522 22-26.
922 1455 972 1520 ed.
989 1453 1105 1540 Dupin.

433 1593 575 1659 Nosrnss
604 1592 734 1657 chartae
764 1590 903 1676 probent
936 1598 970 1655 et
1000 1589 1163 1654 conflictu·
1196 1609 1378 1664 causarum,
1413 1591 1450 1649 et

387 1705 607 1770 contentiones
635 1703 786 1790 partium,
814 1710 847 1769 et
876 1701 981 1768 exitus
1006 1701 1207 1787 judiciorum,
1232 1705 1265 1764 et
1294 1695 1449 1784 epietolae

389 1814 604 1882 Constantini.
651 1813 734 1878 Nam
749 1814 833 1898 quod
850 1814 890 1877 de
909 1813 1000 1878 nobis
1019 1811 1136 1889 dicitis,
1150 1811 1226 1897 quid
1247 1808 1448 1876 Christianis

388 1949 460 1991 eum
482 1924 631 2010 regibust
657 1930 716 1989 eut
733 1917 815 2008 'quid
837 1925 992 2010 episcopis
1014 1945 1086 1990 mem
1108 1922 1250 2010 putatio?
1280 1920 1317 1986 Si
1336 1919 1450 1988 bnote

389 2042 441 2100 est
455 2055 547 2098 nosse
562 2053 734 2118 regesnos
755 2038 827 2098 tota
846 2033 1008 2118 perfundit
1028 2032 1157 2100 invidia.
1201 2031 1284 2098 Nam
1301 2030 1449 2118 majores

390 2142 496 2219 vestri,
522 2141 690 2218 Lucienus,
714 2141 849 2228 Dignus,
872 2141 1038 2220 Nasutiue‚
1059 2143 1186 2228 Capito,
1209 2141 1391 2216 Fidentine,
1411 2149 1449 2204 et

390 2252 498 2318 caeteri
532 2252 757 2335 imperatorem
783 2253 1037 2332 Constantinum,
1065 2253 1178 2318 harum
1204 2275 1309 2317 rerum
1334 2251 1447 2316 adhuc

390 2365 546 2450 ignarum,
562 2363 612 2428 his
632 2363 779 2448 precibus
800 2373 1010 2449 rogaverunt:
1035 2386 1170 2451 querum
1190 2363 1369 2449 exemplum
1393 2362 1444 2426 in-

390 2475 441 2539 fra
461 2474 614 2559 scriptum
634 2484 701 2538 est:
724 2483 745 2512 “
758 2475 921 2560 Rogamus
942 2483 990 2551 te,
1010 2474 1218 2539 Constantine
1241 2475 1361 2559 optime
1383 2475 1445 2538 im·

392 2594 411 2624 “
425 2594 564 2673 perator,
587 2586 736 2673 quoniam
757 2588 799 2651 de
819 2608 935 2671 genere
953 2586 1044 2673 justo
1065 2610 1109 2667 ee,
1130 2588 1220 2673 cujus
1241 2596 1334 2672 pater
1355 2587 1447 2666 inter

391 2706 411 2734 “
427 2705 560 2762 eaeteros
582 2697 788 2782 imperatores
807 2696 1058 2780 persecutionem
1079 2718 1142 2759 non
1168 2696 1320 2774 exercuit,
1340 2705 1375 2762 et
1398 2697 1444 2761 ab

391 2816 411 2844 “
426 2808 486 2872 hoc
507 2808 648 2871 facinore
671 2806 820 2870 immunis
841 2814 890 2871 est
913 2806 1036 2883 Gallia3
1067 2828 1140 2871 nam
1166 2807 1199 2869 in
1221 2806 1334 2871 Africa
1356 2806 1445 2871 inter

393 2928 413 2956 ‘⁶
429 2940 487 2981 nos
502 2925 535 2982 et
555 2926 688 2980 caeteros
707 2917 873 3001 episcopos
890 2917 1110 2982 contentiones
1124 2926 1217 2994 sunt;
1239 2918 1387 3003 petimus,
1405 2927 1445 2983 ut

391 3035 412 3064 “
428 3028 468 3091 de
484 3026 588 3090 Gallia
603 3026 693 3089 nobis
704 3026 828 3109 judices
843 3027 912 3091 dari
928 3028 1093 3113 praecipiat
1114 3028 1216 3113 pietas
1232 3038 1297 3093 tue.
1343 3029 1443 3094 Datae

393 3146 413 3175 “
429 3160 450 3202 a
466 3135 618 3215 Lucieno,
641 3137 761 3221 Digne,
785 3136 932 3215 Nasutio,
953 3138 1119 3224 Capitone,
1142 3138 1301 3216 Fidentio,
1325 3148 1359 3204 et
1380 3162 1443 3207 cee-

391 3258 413 3287 “
427 3248 507 3313 teris
520 3247 676 3334 episcopis
691 3249 793 3333 partis
811 3250 961 3314 Donati.''

435 3357 557 3439 Quibus
578 3358 677 3436 lectis,
699 3359 928 3425 Constantinus
947 3360 1039 3445 pleno
1057 3360 1155 3424 livore
1176 3358 1348 3445 respondit.
1398 3361 1440 3423 In

392 3492 456 3554 qua
474 3468 677 3553 responsione
692 3477 725 3534 et
744 3491 853 3534 eorum
875 3492 985 3555 preces
1006 3471 1156 3557 prodidit,
1172 3471 1247 3534 dum
1267 3471 1332 3535 ait:
1356 3478 1376 3506 “
1387 3492 1442 3555 pe·

391 3589 412 3618 “
429 3581 498 3646 titis
511 3604 533 3645 e
547 3603 598 3645 me
611 3581 645 3645 iu
659 3582 775 3647 saeculo
786 3582 951 3666 judicium,
967 3605 1039 3646 curn
1054 3604 1113 3668 ego
1132 3582 1199 3668 ipsa
1214 3581 1333 3647 christi
1350 3582 1437 3667 judi·

391 3695 412 3724 ‘⁴
428 3687 510 3752 cium
525 3688 719 3773 expectem.”
763 3688 808 3753 nt
823 3696 932 3754 temen
947 3688 1014 3754 dati
1031 3698 1105 3753 eunt
1118 3689 1252 3773 judices,
1270 3690 1438 3755 Maternus

390 3820 432 3861 ex
454 3797 634 3882 Agrippina
662 3797 800 3875 civitate,
818 3798 960 3865 Retioiue
981 3801 1022 3864 ab
1047 3799 1280 3884 Augustoduno
1298 3799 1436 3877 civitate,

392 3908 540 3973 Marinus
561 3908 769 3972 Arelatensis.
816 3910 870 3973 Ad
891 3910 1001 3973 urbem
1021 3909 1156 3973 Romam
1176 3916 1305 3973 ventum
1326 3917 1375 3973 est
1396 3907 1438 3973 ob

392 4018 441 4082 his
456 4016 559 4082 tribus
574 4018 685 4095 Gallis,
699 4026 733 4083 et
748 4018 789 4082 ab
804 4018 875 4083 aliie
890 4020 1066 4106 quindecim
1083 4018 1183 4084 italis.
1218 4018 1438 4083 Convenerunt

392 4128 424 4191 in
445 4128 575 4193 domum
597 4126 729 4193 Faustae
751 4127 784 4191 in
808 4128 977 4205 Laterano,
1004 4128 1214 4205 Constantino
1241 4135 1379 4213 ⁰quater
1405 4132 1435 4191 et

422 4339 490 4405 1’(εο.
503 4356 560 4394 note
572 4346 753 4409 turpitudinin.)
903 4358 916 4385 ο
927 4347 1061 4410 (Emendat
1073 4346 1204 4409 Depiniua,
1216 4354 1241 4393 et
1252 4344 1331 4407 poeuis
1343 4344 1437 4391 tertium

391 4427 421 4474 cl.
434 4426 542 4478 Moroclli
555 4430 580 4476 in
592 4430 682 4491 Africo
693 4445 737 4478 sus
750 4431 890 4477 Christiano
903 4428 948 4475 vol.
959 4430 982 4477 ii.
996 4446 1016 4491 p.
1028 4429 1095 4491 cop.)
