3242 5150
362 389 405 452 34
526 439 533 452 .
659 375 907 454 RELIQUIAE
933 371 1112 438 SACRAE.

364 559 460 641 ὅπως
473 553 523 654 μὴ
538 556 595 634 καὶ
604 552 783 632 πλειόνων
797 545 962 629 θανάτων
973 547 1078 627 α’ίτωι
1088 548 1205 628 αι’ποΐς
1218 543 1411 646 γινώμεθα,

364 698 413 778 ὡς
439 688 485 770 ἂν
512 685 836 789 καταναγκάζουτες
864 682 990 767 αὐτοὺς
1016 689 1162 783 μᾶλλον
1184 676 1411 781 κατατραχιί·

364 833 491 909 νεσθαι
509 826 567 904 καί
586 829 849 925 τελεσιουργεῖν
875 819 922 900 τὰ
947 815 1180 923 θανατηφόρα
1197 814 1298 915 ἔργα·
1327 810 1413 890 ἀλλ’

365 962 574 1069 ἐκδέχεσθαι
598 961 657 1039 καὶ
684 956 875 1062 προσέχειν
897 957 1041 1050 ἑαυτοῖς,
1066 950 1270 1054 ἰγρηγορεῖν
1292 979 1332 1026 τε
1358 946 1416 1024 καὶ

365 1096 642 1202 προσεύχεσθαι,
660 1093 719 1173 ἵνα
736 1090 787 1193 μὴ
806 1091 1023 1188 εἰσέλθωμεν
1041 1093 1088 1171 είς
1106 1081 1319 1187 πειρασμόν.
1423 1103 1444 1166 5

424 1233 534 1312 Οὕτω
545 1230 729 1337 Στέφανος
746 1235 888 1332 πρῶτος
901 1227 976 1305 κατ’
990 1223 1089 1327 ’ίχνος
1101 1222 1209 1300 αι’ποῦ
1222 1214 1417 1320 μαρτύριον

367 1363 639 1474 ἀναδεξάμενος,
649 1366 688 1444 ἐν
697 1361 964 1467 Ἱεροσολύμοις
980 1357 1248 1461 συναρπασθεὶς
1260 1350 1330 1432 ὑπὸ
1344 1356 1417 1430 τῶν

368 1499 596 1606 παρανόμων,
616 1497 699 1578 1(καὶ
717 1501 838 1603 ἀχθεὶς
859 1498 896 1576 ἐν
921 1499 973 1601 τῷ
997 1490 1171 1596 συνεδρίῳ
1196 1490 1413 1581 λιθοβολοῦὲ

369 1672 483 1738 μενος,
502 1639 540 1716 ε’ν
559 1633 706 1732 ὀνόματι
725 1638 890 1734 Χριστοῦ
907 1626 1099 1733 ἐδοξάσθη,
1117 1626 1338 1726 παρακαλῶν
1360 1621 1418 1699 καὶ

368 1772 498 1872 λέγων,
510 1767 633 1871 1Κύριε
652 1766 702 1866 μὴ
719 1763 864 1868 στήσῃς
877 1762 995 1842 αὐτοῖς
1009 1758 1143 1858 ταύτην
1154 1755 1220 1857 τὴν
1230 1753 1417 1856 ἁμαρτίαν.
1429 1777 1468 1816 ¹0

370 1907 483 1986 οὕτως
501 1902 673 1995 Ἰοίκωβος
702 1897 861 1999 δεύτερος
889 1896 1117 1999 συλληφθεὶς
1144 1888 1213 1971 rino
1238 1887 1417 1992 Ἡρώδου,

370 2048 394 2080 ¹¹¹
398 2036 559 2141 μαχαίρᾳ
575 2031 642 2132 τὴν
660 2027 825 2137 κεφαλὴν
842 2027 1040 2129 ἀπετμήθη.
1071 2030 1182 2109 οὕτως
1196 2026 1216 2103 ὃ
1229 2022 1420 2126 πρόκριτος

370 2179 444 2251 τῶν
472 2165 691 2248 ἀποστόλων
724 2164 862 2267 Πέτρος
895 2161 1074 2245 πολλάκις
1105 2163 1332 2266 συλληφθεὶς
1360 2163 1421 2239 καὶ

372 2306 609 2412 φυλακισθεὶς
627 2305 686 2380 καὶ
704 2302 923 2400 ἀτιμασθεὶς,
936 2300 1087 2401 ὕστερον
1105 2295 1274 2401 ε’νῬῶμῃ
1285 2298 1417 2374 ε’σταυ·

370 2440 482 2544 ρώθη.
522 2437 652 2538 ὁμοίως
680 2438 739 2516 καὶ
766 2438 787 2516 ὁ
815 2433 1027 2539 περιβόητος
1055 2439 1205 2517 Παῦλος
1230 2428 1420 2515 πλεονάκις
1433 2460 1469 2521 15

370 2576 584 2677 παραδοθεὶς
607 2576 665 2654 καὶ
689 2573 753 2657 ἕως
782 2567 937 2653 θανάτου
964 2567 1206 2660 κινδυνεύσας,
1228 2565 1355 2648 πολλοί
1381 2601 1421 2646 τε

371 2706 541 2807 ἀθλήσας
560 2710 639 2787 “nol
658 2706 929 2812 καυχησάμενος
947 2707 985 2785 ἐν
1001 2711 1154 2788 πολλοῖς
1172 2709 1340 2805 διωγμοῖς
1363 2706 1422 2782 καὶ

374 2843 565 2947 θλίψεσιν,
587 2843 687 2943 ε’ντῇ
712 2843 802 2947 αἰτῇ
828 2839 934 2922 πόλει
956 2844 1014 2920 καὶ
1038 2837 1143 2923 αι’πὸς
1171 2840 1331 2944 μαχαίρᾳ
1356 2836 1422 2938 τὴν

374 2971 537 3082 κεφαλὴν
556 2976 774 3077 ἀπεκείρατο·
808 2973 847 3058 δς
864 2978 902 3055 ἐν
920 2974 973 3060 οἷς
991 2973 1224 3079 ἐκαυχήσατο,
1244 2974 1422 3079 κατέλεξε,

374 3147 432 3207 que
446 3127 614 3205 confugere,
628 3147 666 3186 ne
676 3128 747 3206 ipsis
757 3148 874 3206 quoque
926 3129 982 3188 illis
999 3130 1050 3187 Ιιοο
1062 3136 1218 3207 peecatum
1244 3126 1280 3184 In
1295 3126 1422 3184 Jaoobus
1434 3142 1472 3182 ao

374 3207 544 3267 multifaria
557 3208 661 3266 mortis
674 3228 759 3267 eausa
773 3208 874 3275 simus,
925 3209 1070 3268 secundus
1092 3210 1128 3268 ab
1149 3206 1270 3266 Herode
1292 3225 1423 3284 compre-

377 3287 476 3365 utqui
491 3286 569 3366 ipsos
588 3298 619 3346 et
637 3289 796 3367 asperiores
813 3309 875 3347 esse
925 3290 1042 3357 hensus,
1054 3288 1152 3367 gladio
1166 3288 1260 3366 eapite
1270 3296 1423 3346 truncatus

374 3386 522 3445 rogamus,
553 3377 583 3425 et
610 3389 698 3446 opera
724 3370 877 3428 mortifera
926 3380 980 3428 eat.
1023 3371 1070 3428 Ita
1089 3369 1196 3427 Petrus
1212 3365 1422 3445 Apostolorum

377 3466 534 3527 peragere:
567 3447 619 3506 sed
641 3458 817 3526 exspectare.
846 3460 877 3509 et
927 3449 1039 3528 primus
1053 3468 1128 3527 sape
1145 3447 1378 3526 comprehensus,
1393 3456 1423 3504 et

377 3527 876 3607 nobisoaveremcoigiloreetornre,
927 3529 1067 3588 custodies
1093 3526 1229 3593 traditus,
1251 3525 1470 3619 ignominia-25

379 3628 414 3666 ne
428 3607 565 3665 intremus
579 3608 608 3666 r'n
623 3608 811 3667 tentationem.
927 3627 984 3686 que
1008 3610 1138 3675 affectus,
1160 3618 1308 3686 postremo
1323 3606 1424 3663 Romae

420 3687 467 3744 Ita
483 3686 651 3765 Stephanus
665 3689 729 3765 ejus
746 3689 878 3768 vestigiis
927 3688 1083 3748 crucifixus
1097 3700 1150 3748 esu
1179 3687 1321 3745 Similiter
1335 3697 1365 3744 et
1379 3687 1424 3743 in-

378 3767 525 3833 insistens,
560 3770 731 3847 martyrium
766 3770 876 3835 obiens,
927 3768 954 3827 cl
975 3779 1024 3828 tus
1035 3770 1146 3827 Paulus
1159 3786 1235 3845 saepe
1249 3767 1384 3835 traditus,
1395 3777 1426 3825 et

381 3846 595 3926 Hierosolymis
617 3849 653 3907 ab
680 3848 788 3927 iniquis
816 3871 877 3909 oor-
927 3868 943 3907 a
979 3860 1100 3909 mortem
1115 3868 1207 3925 usque
1222 3844 1424 3925 inpericulum

380 3936 492 4005 neptus,
504 3938 534 3986 et
543 3928 580 3986 ad
590 3928 744 3987 concilium
760 3928 877 3999 ductus,
927 3928 1081 3996 adductus,
1092 3940 1123 3988 et
1138 3928 1167 3985 in
1178 3925 1281 3985 multis
1291 3944 1424 4005 persecu·
1435 3949 1474 4006 30

380 4006 526 4083 lapidibus
548 4008 681 4074 obrutus,
707 4010 736 4067 in
759 4012 876 4068 nomine
927 4010 1056 4067 tionibus
1076 4020 1106 4068 et
1130 4008 1334 4067 afflictionibus
1363 4006 1425 4085 glo-

380 4085 491 4145 Christi
506 4085 685 4163 glorificatus
696 4101 750 4156 est,
762 4109 876 4169 rogans,
926 4090 1028 4159 riatus,
1040 4089 1069 4147 in
1082 4087 1182 4148 eadem
1198 4086 1270 4146 urbe
1281 4090 1343 4167 ipse
1354 4106 1424 4169 quo·

381 4178 411 4225 et
425 4165 543 4225 dicens:
570 4168 700 4237 Domine,
717 4178 878 4229 nestotuoe
926 4190 984 4246 que
1013 4169 1110 4247 gladio
1140 4168 1235 4247 capite
1271 4169 1427 4230 mulctatus

447 4270 455 4310 l
472 4270 537 4319 Mat.
547 4269 614 4318 xxvi.
625 4285 666 4330 4¹·
812 4274 828 4314 k
844 4274 900 4323 Aer.
913 4273 944 4322 vi.
957 4287 995 4322 ιτ.
1141 4275 1151 4314 1
1166 4274 1223 4323 Aca
1235 4275 1276 4323 rii.
1287 4274 1329 4324 60.

447 4346 470 4377 m
486 4334 543 4385 λος.
554 4335 595 4384 xii.
610 4350 632 4383 n.
810 4350 826 4380 n
844 4338 915 4389 Rem.
927 4355 951 4388 τ.
962 4352 987 4400 3.
