3242 5150
384 428 541 494 GESTA
566 428 698 492 APUD
723 418 1058 490 ZENOPHILUM.
1182 419 1243 490 321

200 701 362 791 Incipiam
385 703 476 767 Geato
496 701 549 766 aa
570 711 683 767 conam
705 701 883 767 traditorem
908 699 1082 780 &hanam
1105 701 1159 788 qai
1183 722 1250 767 eam

296 815 398 879 maa
410 813 568 878 ramea
582 813 784 897 Materiam,
801 812 852 876 cui
864 813 1005 877 Dotatae
1019 813 1162 878 racem.

243 941 464 1006 Gonmmmo
490 940 634 1004 Maximo
656 939 806 1025 Augusto
831 947 865 1004 et
889 939 1099 1004 Constantino
1123 939 1250 1026 juniore

202 1053 396 1119 nobilissimo
424 1052 551 1118 Oaesare
586 1053 698 1116 Conse.
732 1050 844 1114 idibus
879 1049 1121 1128 Decembribus,
1150 1051 1250 1115 Sexto

204 1163 471 1250 Thamugadiensi
486 1161 628 1239 inducto,
642 1169 676 1226 et
697 1160 849 1246 applicito
869 1156 1003 1226 Victore
1019 1162 1250 1236 Grammatico,

202 1274 379 1339 adsistente
400 1272 498 1338 etiam
522 1270 720 1335 Nundinario
742 1270 886 1348 diacono,
907 1271 1099 1356 Zenophilus
1119 1272 1167 1336 vir
1188 1272 1252 1337 cla-

205 1386 347 1450 rissimus
362 1383 535 1448 consularis
550 1382 647 1447 dixit:
668 1380 746 1462 Quis
757 1381 898 1446 vocaris?
912 1381 1108 1464 Respondit:
1126 1381 1251 1448 Victor.

205 1495 398 1580 Zenophilus
421 1496 458 1558 V.
474 1493 511 1558 0.
533 1490 706 1557 consularis
728 1490 828 1556 dixit:
863 1491 963 1578 Cujus
986 1493 1175 1558 conditionis
1201 1493 1254 1558 esi

208 1605 320 1669 Victor
330 1604 430 1668 dixit:
454 1602 620 1667 Professor
629 1624 699 1666 sum
711 1601 927 1665 Romanarum
939 1602 1128 1678 litterarum,
1139 1603 1255 1668 Gram-

207 1715 343 1780 maticus
358 1713 501 1778 Latinus.
537 1710 729 1796 Zenophilus
745 1711 782 1774 V.
794 1710 829 1776 0.
844 1711 1018 1776 consulatis
1032 1711 1131 1777 dixit:
1154 1711 1256 1797 Cujus

209 1822 375 1908 dignitatis
400 1823 454 1886 esi
481 1821 591 1885 Victor
615 1818 715 1883 dixit:
743 1819 843 1884 Patre
869 1819 1049 1884 Decuriona
1074 1820 1257 1887 Constanti-

208 1933 374 2010 niensium‚
390 1954 450 1996 avo
471 1931 589 2007 milite:
612 1929 644 1993 in
665 1930 818 1994 comitatu
839 1929 1049 1996 militaverat:
1072 1953 1146 1996 nam
1166 1933 1256 2018 origo

208 2051 320 2108 nostra
345 2043 385 2107 de
409 2041 561 2127 sanguine
589 2039 705 2105 Mauro
729 2040 903 2106 descendit.
950 2041 1143 2126 Zenophilus
1170 2039 1259 2106 V.C.

210 2153 384 2217 consularis
398 2151 496 2216 dixit:
519 2152 646 2216 Memor
658 2149 732 2215 fidei
748 2159 782 2215 et
796 2149 975 2216 honestatis
989 2158 1055 2215 tuae
1075 2151 1259 2236 simpliciter

211 2264 343 2349 designa
365 2285 436 2349 quae
462 2284 559 2328 causa
583 2263 680 2327 fuerit
708 2261 911 2326 dissensionis
936 2260 1021 2326 inter
1047 2260 1258 2326 Christianos.

212 2375 324 2438 Victor
338 2374 438 2437 dixit:
459 2373 533 2458 Ego
549 2371 753 2436 dissensionis
773 2372 926 2456 originem
946 2372 1069 2436 nescio:
1094 2394 1176 2436 unus
1190 2395 1259 2437 sum

212 2485 252 2548 de
268 2481 384 2570 populo
399 2481 662 2546 Christianorum.
703 2480 867 2565 Siquidem
881 2503 953 2545 cum
970 2502 1070 2545 essem
1084 2483 1170 2567 apud
1185 2483 1262 2547 Oar-

213 2592 387 2677 thaginem,
403 2596 423 2635 *
433 2590 596 2655 Secundus
611 2590 776 2676 episcopus
791 2611 863 2653 cum
886 2588 1113 2675 Carthaginem
1132 2592 1263 2656 tandem

213 2703 385 2787 aliqnando
406 2701 552 2778 venisset,
572 2701 722 2765 dicuntur
742 2699 898 2765 invenisse
918 2699 1123 2766 Caecilinnum
1145 2702 1262 2787 episoo·

214 2833 290 2895 pum
316 2810 450 2889 †nesci0
473 2810 588 2896 quibus
611 2831 675 2874 non
700 2818 787 2875 recte
818 2812 1047 2885 constitutum:
1080 2810 1124 2876 illi
1151 2820 1265 2877 contra

214 2920 311 2984 alium
340 2919 556 2984 instituerunt.
602 2919 683 2983 Indo
708 2918 772 2986 illio
794 2921 880 3007 apud
906 2920 1133 3006 Carthaginem
1157 2928 1265 3006 coepta

215 3030 370 3095 dissensio
384 3037 452 3105 est:
477 3030 598 3094 atinde
613 3030 767 3116 originem
781 3030 862 3095 scire
876 3031 1078 3096 dissensionis
1093 3031 1186 3117 plena
1201 3053 1264 3094 non

215 3160 355 3225 possum,
383 3140 533 3224 quoniam
556 3162 680 3225 semper
705 3141 817 3206 civitas
842 3148 953 3206 nostra
976 3164 1072 3206 unam
1102 3142 1265 3207 ecclesiam

215 3248 325 3322 hahet,
341 3257 375 3313 et
390 3250 417 3313 si
432 3248 545 3315 habuit
560 3251 795 3329 dissensionem,
812 3252 968 3317 nescimus
983 3253 1122 3316 omnino.
1163 3252 1265 3316 Zeno-

215 3360 321 3445 philus
337 3361 374 3424 V.
385 3361 422 3426 0.
438 3362 612 3427 consularis
626 3359 725 3428 dixit:
750 3363 878 3427 Silvano
893 3364 1125 3428 communicas!
1151 3360 1267 3426 Victor

218 3471 402 3555 respondit:
429 3472 507 3557 Ipsi.
552 3472 745 3557 Zenophilus
767 3474 807 3536 V.
820 3473 856 3538 Ο.
880 3471 1054 3537 consularis
1076 3471 1177 3537 dixit:
1203 3472 1268 3536 Gur

218 3600 295 3665 ergo
317 3580 497 3644 intermisso
517 3602 556 3645 eo
570 3580 660 3666 cujus
682 3580 863 3645 innocentia
884 3590 1024 3667 purgata
1045 3584 1114 3647 esti
1145 3582 1191 3646 Et
1210 3580 1268 3646 ad-

214 3687 312 3772 jecit:
337 3688 557 3753 Adseveratur
570 3698 727 3774 praeterea
740 3697 775 3753 te
789 3689 876 3753 aliud
891 3689 1065 3755 certissime
1080 3691 1168 3767 scire,
1184 3692 1269 3776 quod

221 3795 369 3862 Silvanus
383 3798 524 3863 traditor
542 3798 606 3874 sit;
629 3800 670 3863 da
690 3822 728 3863 eo
747 3799 910 3865 confitere.
958 3800 1073 3865 Victor
1087 3800 1269 3884 respondit:

221 3905 296 3970 Hoc
316 3907 432 3971 nescio.
478 3907 670 3991 Zenophilus
686 3909 724 3972 V.
736 3908 774 3972 O.
790 3906 965 3973 consularis
986 3909 1185 3974 Nundinario
1203 3911 1270 3974 dia·

221 4036 302 4080 cono
316 4016 417 4082 dixit:
440 4016 547 4100 Negat
569 4040 603 4081 se
626 4018 736 4087 Victor
754 4019 836 4084 scire
858 4020 943 4105 quod
965 4018 1111 4085 Silvanus
1132 4020 1271 4085 traditor

256 4302 912 4443 ⁸·‹f3r-semnmeumeoaouscmhumemo
1084 4306 1180 4369 msa
1193 4306 1272 4353 nmo

222 4398 262 4443 qm
274 4394 339 4433 suna

266 4486 332 4527 von.
349 4487 390 4526 1v.
731 4488 750 4526 r
764 4474 780 4528 t
