3242 5150
370 356 436 454 οςῖι
668 379 918 457 nnmourn
946 378 1124 442 sncnn.

370 590 491 649 νεται;
521 554 544 656 ἢ
572 551 647 649 δύο,
666 557 715 636 ὡς
742 552 832 637 ’ίσως
859 587 913 636 τις
941 551 1131 644 ὑπέλαβεν,
1159 545 1182 646 ἢ
1211 548 1269 624 καὶ
1297 541 1425 623 πολλά

372 694 432 769 καὶ
456 691 595 793 ἀπειρα,
612 687 660 772 ὦς
687 720 784 766 τισιν
811 686 940 770 ἀλλοις
966 683 1097 790 ἔδοξεν,
1116 681 1150 762 oi
1177 687 1334 763 πολλαῖς
1360 682 1425 776 τῆς

373 825 529 908 διανοίας
555 827 795 929 παραφοραῖς,
820 823 879 901 καὶ
906 820 1083 901 ποικίλαις
1110 821 1311 922 προφοραῖς
1338 815 1423 892 ὀνο-

373 960 497 1062 μάτων
525 956 592 1056 τὴν
622 963 695 1036 τῶν
727 956 825 1035 ὅλων
849 955 1089 1058 ,ἐπεχείρησαν
1118 947 1426 1054 κατακερματίζειν

374 1097 512 1176 οὐσίαν·
542 1090 689 1194 ἀπειρόν
717 1125 767 1189 τε,
798 1093 857 1171 καὶ
888 1089 1092 1191 ἀγέννητον,
1119 1088 1179 1166 καὶ
1203 1081 1454 1187 ἀπρονόητον5

376 1232 625 1325 ὑποτίθενται;
671 1233 722 1306 Οἱ
756 1226 821 1326 μὲν
858 1223 940 1329 γάρ,
978 1222 1130 1322 ἀτόμους
1170 1215 1427 1322 προσειπόντες

376 1361 548 1472 ἀφθαρτά
566 1396 646 1442 τινα
664 1364 723 1441 καὶ
741 1357 966 1464 σμικρότατα
983 1358 1149 1458 σώματα,
1165 1359 1307 1454 πλῆθος
1334 1352 1423 1432 ἀνά-

375 1507 496 1604 ριθμα,
509 1500 571 1578 καί
585 1531 620 1577 τι
638 1497 771 1602 χωρίον
790 1494 892 1575 κενὸν
910 1494 1059 1596 μέγεθος
1071 1489 1322 1596 ἀπεριόριστον
1337 1522 1427 1591 προ

377 1635 583 1734 βαλόμενοι,
601 1632 733 1721 ταύτας
751 1631 795 1732 δή
815 1635 910 1740 φασι
927 1629 992 1714 τάς
1009 1627 1173 1727 ἀτόμους,
1187 1629 1236 1713 ὡς
1254 1626 1377 1730 ἔτυχεν
1390 1627 1428 1703 ἐν

378 1777 429 1876 τῷ
448 1774 537 1876 κενῷ
556 1767 764 1875 φερομένας,
783 1763 989 1862 αὐτομάτως
1006 1797 1045 1843 τε
1064 1759 1344 1861 συμπιπτοόσας
1362 1761 1429 1837 ἀλ-
1441 1791 1479 1830 10

379 1902 509 2002 λήλαις
527 1901 585 1980 διά
602 1900 718 2003 ῥύμην
737 1900 902 1996 ἄτακτον,
921 1901 979 1980 καὶ
997 1895 1294 1995 συμπλεκομε’νας
1309 1892 1367 1974 dmi
1385 1892 1429 1972 τὸ

382 2033 667 2139 πολυσχήμονας
689 2036 813 2130 οὔσας,
833 2032 1008 2133 ἀλλήλων
1031 2027 1352 2131 ἐπιλαμβάνεσθαι,
1371 2031 1432 2108 καὶ

379 2173 472 2251 οὕτω
490 2167 554 2250 τόν
571 2205 609 2249 τε
628 2169 767 2268 κόσμον
785 2171 843 2249 καὶ
861 2167 909 2249 roi
927 2171 964 2249 ε’ν
983 2169 1090 2274 αὐτῷ,
1108 2173 1254 2266 μᾶλλον
1278 2162 1428 2260 dixtine

381 2339 469 2404 μους
487 2305 652 2407 ἀπείρους
669 2307 867 2385 ἀποτελεῖν.
906 2302 1051 2404 Ταύτης
1068 2301 1106 2382 δὲ
1124 2305 1188 2401 τῆς
1203 2298 1429 2407 δόξηςἘπί-

382 2471 506 2542 κουρος
525 2436 697 2540 γεγόνασι
715 2441 773 2519 καὶ
792 2438 1029 2542 Δημόκριτος.
1056 2444 1232 2516 τοσοῦτον
1250 2431 1426 2538 δὲδιεφιίυ
1444 2461 1478 2518 ¹5

382 2609 510 2675 νησαν,
535 2574 662 2653 ὅσονὸ
687 2570 762 2671 μὲν,
786 2574 982 2677 ἐλαχίστας
1000 2569 1134 2669 πόσας,
1158 2574 1216 2649 καὶ
1241 2568 1300 2649 διὰ
1324 2576 1432 2648 τοῦτο

382 2707 676 2809 ἀνεπαισθίπονς·
694 2709 714 2786 ὁ
732 2706 780 2804 δὲ,
791 2712 850 2787 καὶ
868 2710 1043 2809 μεγίστας
1061 2702 1151 2786 εἷναί
1165 2740 1263 2789 τινας
1277 2702 1432 2803 ἀτόμους

383 2845 575 2940 ὑπέλαβεν.
605 2841 759 2941 ἀτόμους
775 2841 815 2921 δὲ
832 2839 922 2922 εἶναι’
937 2849 1053 2947 φασιν
1072 2840 1280 2947 ἀμφότεροι,
1293 2844 1352 2921 καὶ
1369 2840 1432 2918 λε’-

383 3065 452 3132 duo,
466 3062 709 3141 quemadmodum
727 3064 804 3137 forte
823 3084 881 3121 non
932 3072 1041 3122 temere
1075 3062 1144 3122 dum
1181 3064 1326 3129 feruntur,
1360 3061 1430 3119 dum

383 3164 470 3202 nemo
488 3143 643 3219 cogitarit?
666 3164 703 3200 nn
722 3143 815 3201 multu
831 3164 882 3221 po-
932 3164 998 3201 cnsu
1025 3153 1144 3222 propter
1167 3146 1294 3222 impetus
1314 3152 1430 3219 pertur—
1444 3158 1484 3196 no

383 3226 444 3282 tius
462 3222 593 3299 adeoque
610 3221 745 3281 infinito?
770 3233 804 3280 ut
819 3222 883 3281 aliis
933 3224 1431 3291 bationem‚nliaecumuliisconcur·

383 3301 555 3381 quibusdum
578 3302 696 3380 placuit,
718 3303 768 3381 qui
790 3302 883 3380 pluri.
932 3314 1012 3368 runt.
1039 3324 1071 3362 nc
1096 3317 1213 3385 propter
1237 3302 1432 3382 multiplicem

385 3386 439 3443 bus
458 3383 564 3441 mentis
577 3382 732 3450 erroribus,
748 3404 781 3441 nc
796 3382 883 3441 variis
934 3384 1054 3462 figuram
1067 3383 1143 3443 inter
1157 3406 1188 3443 se
1200 3404 1230 3443 sc
1244 3384 1432 3441 commiscen-

384 3461 612 3543 nppellntionum
631 3463 741 3531 formis,
756 3463 882 3521 universi
933 3475 992 3531 tur,
1007 3483 1073 3523 cum
1092 3463 1308 3545 apprehendere
1328 3473 1434 3521 mutuo

384 3555 518 3604 naturum
538 3542 698 3602 distrahere
712 3564 746 3603 no
758 3543 883 3602 lacerare
933 3564 964 3603 se
978 3564 1019 3609 se,
1034 3553 1097 3601 tum
1115 3546 1194 3605 hunc
1210 3564 1326 3623 quoquc
1345 3561 1431 3600 mnn-
1444 3564 1461 3603 2
1466 3564 1483 3621 5

384 3626 492 3692 conati,
506 3623 653 3681 infinitum
665 3621 740 3682 illud
751 3642 824 3690 esse,
836 3643 883 3681 or·
934 3622 1014 3689 dun.
1031 3644 1154 3703 qumque
1168 3626 1231 3704 ipso
1245 3624 1434 3683 continentur

385 3715 419 3763 tu
433 3724 603 3768 carerenec
617 3704 681 3763 ullo
693 3704 884 3784 providentio
934 3703 1049 3774 omnia;
1075 3706 1135 3764 imo
1155 3726 1224 3765 vero
1244 3703 1369 3761 mundos
1388 3714 1434 3761 et-

384 3783 505 3843 consilio
532 3784 595 3862 regi
622 3784 787 3844 voluerunt.
841 3784 884 3843 Hi
935 3784 991 3843 inm
1012 3786 1141 3845 infinitos
1160 3784 1281 3844 efficere.
1325 3784 1388 3841 Hac
1402 3782 1433 3840 in

385 3865 466 3922 enim
481 3874 602 3928 atomos,
618 3864 787 3943 incorrupto
804 3884 884 3943 qum·
935 3866 1080 3924 sententis
1110 3866 1257 3946 Epicurus
1281 3863 1434 3923 Democri-

386 3943 451 4001 dnm
463 3943 625 4019 exiguoque
636 3944 816 4022 corpuscula,
829 3965 884 4004 nu·
935 3954 1042 4022 tusqne
1064 3948 1169 4005 versati
1190 3956 1279 4004 sunt:
1301 3946 1356 4004 hoc
1375 3955 1485 4011 un030

386 4041 523 4099 meroque
551 4023 665 4080 infinito
692 4024 883 4095 nominantes,
935 4024 1110 4095 discrimine,
1125 4026 1204 4105 quod
1218 4026 1366 4105 Epicurus
1381 4024 1436 4081 mi-

386 4122 502 4180 unnque
531 4103 656 4180 spatium
687 4100 804 4179 aliquod
836 4125 885 4162 vs.
936 4104 1028 4164 nimus
1047 4128 1147 4166 omnes
1166 4117 1287 4182 atomos,
1307 4123 1437 4182 quasque

386 4202 485 4250 cuum,
499 4181 632 4240 necullis
646 4181 884 4243 tinibuscircum·
936 4198 1090 4265 propterca
1110 4205 1211 4246 sensns
1232 4207 1289 4244 non
1310 4185 1437 4261 attinge-

386 4265 527 4343 scriptum
562 4261 742 4331 invehentes,
774 4274 885 4323 atomos
935 4276 990 4332 ret,
1007 4267 1193 4326 Democritus
1210 4265 1366 4325 nonnullus
1379 4264 1436 4321 ssl-

386 4345 450 4404 illns
478 4342 624 4410 dictitent,
653 4344 709 4401 hoc
735 4345 766 4401 in
793 4364 885 4404 vacuo
936 4358 994 4404 tem
1009 4349 1149 4406 maximus
1163 4366 1226 4405 esse
1240 4345 1337 4405 vellet.
1371 4344 1485 4416 Cre-35
