3242 5150
372 374 415 436 24
670 366 916 444 RELIQUIAE
942 365 1122 428 SACRAE.

373 535 500 639 οὐγὰρ
519 532 610 614 κατὰ
633 535 842 636 προαίρεσιν
865 539 914 616 είς
939 540 1044 611 τοῦτο
1067 529 1301 630 ἐληλύθασιν,
1319 528 1420 608 ἀλλὰ

374 670 697 772 καταπροδοθέντες
708 665 777 748 ὑπὸ
788 671 851 765 τῆς
863 667 1048 749 ἀσθενείας
1059 670 1123 764 τῆς
1135 664 1284 768 σαρκός·
1299 662 1419 762 ἐπειδὴ

374 807 431 883 καὶ
451 800 515 882 ’τὰ
533 803 717 904 στίγματα
735 808 798 880 τοῦ
816 802 941 900 Ἰησοῦ
952 799 1184 879 ἐνδεύςνυνται
1201 801 1240 879 ἐν
1257 807 1331 882 τοῖς
1345 798 1421 877 σώ-

374 971 487 1037 μασιν
506 939 633 1035 αὐτῶν,
652 939 710 1015 καὶ
729 935 796 1034 ἤδη
815 933 907 1018 τινὲς
923 937 1044 1039 τρίτον
1069 932 1146 1017 ε”τος
1169 933 1294 1037 ἔχουσι
1307 967 1418 1012 κατα-

375 1078 595 1156 πενθοῦντες·
622 1074 969 1172 προσεπιτιμηθῆναι
987 1070 1105 1152 αὐτοῖς
1123 1066 1195 1148 ἀπὸ
1209 1071 1273 1167 τῆς
1287 1101 1422 1169 τροσε-
1430 1103 1449 1166 5

375 1205 533 1290 λεύσεως
547 1208 624 1286 καθ
640 1205 842 1305 ὑπόμνησιν
856 1206 975 1288 ἄλλας
990 1201 1264 1307 τεσσαράκοντα
1277 1202 1420 1305 ἡμέρας·

377 1337 448 1426 1’ἃς
483 1341 608 1442 καίτερ
640 1339 843 1439 νηστεύσας
874 1341 894 1418 ό
929 1338 1046 1442 κύριος
1079 1341 1137 1417 καὶ
1166 1338 1290 1439 σωτὴρ
1324 1338 1425 1436 ἡμῶν

376 1480 518 1578 Ἰησοῦς
532 1473 703 1580 Χριστὸς,
717 1473 808 1571 μετὰ
819 1473 862 1554 τὸ
875 1479 1130 1573 βαπτισθῆναι,
1145 1471 1340 1576 ἐπειρόσθη
1354 1471 1425 1551 ὑπό

378 1619 442 1692 τοῦ
457 1608 642 1707 διαβόλου·
670 1615 719 1692 εἰς
737 1606 780 1692 ἃς
792 1611 851 1687 καὶ
864 1610 963 1688 αὐτοὶ
978 1608 1069 1689 κατὰ
1081 1605 1260 1712 περισσόν
1275 1613 1426 1709 διαγομ-

384 1750 575 1830 νασθέντες
593 1745 826 1847 εὖτονώτερόν
851 1779 888 1822 τε
907 1743 1108 1849 (νήψαντες
1131 1742 1426 1846 γρηγορήσονσιν
1440 1778 1475 1816 ιο

379 1889 428 1966 είς
446 1879 652 1984 προσευχὰς
673 1889 737 1959 τοῦ
765 1889 904 1977 λοιποῦ,
924 1884 1230 1978 καταμελετῶντες
1248 1875 1290 1956 τὸ
1317 1876 1422 1978 λεγό-

380 2050 487 2117 μενον
505 2012 574 2096 ὑπὸ
600 2023 663 2093 τοῦ
680 2015 815 2117 Κυρίου
828 2012 919 2116 πρὸς
937 2015 1001 2093 τὸν
1019 2009 1227 2114 πειρθζοντα
1244 2010 1353 2090 αὐτὸν
1370 2013 1428 2091 ἵνα

380 2148 619 2254 τροσκυνήσῃ
643 2150 749 2256 αὐτῷ,
773 2145 911 2248 “braye
937 2154 1093 2227 Σατανᾶ·
1123 2145 1324 2249 γέγραπται
1346 2144 1428 2249 γὰρ,

384 2282 517 2387 Κύριον
536 2284 599 2364 τὸν
622 2283 716 2364 Θεόν
742 2318 814 2364 σου
838 2282 1111 2386 προσκυνήσεις,
1131 2285 1189 2361 καὶ
1210 2283 1307 2388 αὐτῷ
1331 2279 1429 2388 μόνῳ

382 2417 601 2523 λατρεύσεις.
1442 2457 1479 2517 ¹5

780 2559 966 2635 ΚΑΝΩΝ
993 2559 1037 2634 Β.

439 2696 525 2775 Τοῖς
545 2689 581 2769 δὲ
600 2688 690 2789 μετὰ
710 2688 752 2767 τὸ
770 2692 1041 2795 φυλακισθῆναι
1060 2685 1180 2786 μόνον,
1200 2690 1257 2767 καὶ
1276 2690 1431 2785 ύιτομεμ-

385 2823 525 2922 νηκέναι
550 2822 615 2904 τὰς
645 2824 682 2900 ἐν
704 2829 755 2927 τῷ
783 2822 1017 2928 δεσμωτηρίῳ
1036 2825 1084 2905 ὡς
1102 2818 1147 2900 ἂν
1171 2826 1208 2900 ἐν
1231 2822 1432 2927 πολιορκίη,

386 3053 483 3099 tamen
507 3040 576 3117 quia
603 3038 730 3097 multum
754 3039 886 3100 decerta-
936 3043 1048 3101 eroitati
1065 3042 1186 3108 fuerint,
1201 3054 1232 3102 et
1253 3042 1434 3102 constantius

386 3131 465 3187 runt,
488 3130 518 3179 et
539 3119 590 3178 diu
612 3120 800 3179 restiterunt:
827 3142 885 3179 non
933 3121 1140 3199 jejunaverint.
1150 3122 1313 3200 vigilabunt
1323 3123 1354 3179 in
1367 3142 1432 3180 ore·
1445 3142 1486 3181 το

386 3200 464 3259 enim
479 3210 583 3280 sponte
597 3200 634 3259 ad
648 3220 682 3258 ea
693 3200 885 3272 devenerunt,
936 3203 1065 3261 tionibus
1092 3201 1237 3281 deinceps,
1260 3202 1435 3261 meditantes

387 3280 438 3339 sed
456 3281 580 3341 acernis
599 3281 797 3341 imbecillitate
817 3302 885 3361 pro·
937 3282 1016 3360 quod
1027 3282 1162 3340 dicituro
1177 3283 1305 3341 Domino
1315 3281 1352 3339 ad
1367 3302 1434 3341 eum

387 3360 459 3420 diti:
484 3382 549 3420 nam
565 3372 594 3420 et
615 3361 751 3439 stigmata
768 3362 841 3420 Jesu
856 3362 885 3419 in
937 3363 987 3441 qui
999 3362 1082 3419 illum
1094 3373 1198 3429 tentat,
1207 3374 1242 3422 ut
1255 3364 1349 3441 ipsum
1365 3361 1434 3420 ado-

387 3442 448 3500 suis
475 3443 643 3519 corporibus
670 3452 829 3508 ostentant,
857 3452 887 3500 et
938 3453 1000 3501 ret:
1024 3443 1081 3500 Abi
1094 3451 1169 3502 retro
1186 3444 1320 3501 Setaea.-
1343 3442 1435 3520 scrip·

387 3540 464 3579 anno
474 3523 534 3598 jam
549 3522 638 3579 tertio
652 3521 779 3581 deflent:
796 3523 839 3580 eis
850 3542 886 3580 ex
938 3531 997 3580 tum
1011 3531 1053 3580 ea!
1064 3523 1157 3581 em'm:
1179 3523 1332 3582 Domioam
1344 3524 1437 3580 Deum
1448 3546 1463 3584 2
1467 3543 1484 3603 5

387 3602 511 3678 quodie
529 3602 566 3661 de
588 3622 641 3660 suo
660 3601 788 3661 adventu
809 3623 887 3660 com-
938 3610 1017 3660 tuam
1036 3602 1180 3670 adorabis,
1200 3611 1227 3661 et
1243 3602 1290 3661 illi
1306 3602 1360 3661 soli
1379 3622 1438 3661 ser-

388 3682 555 3741 monuerint
564 3682 612 3741 alii
624 3682 818 3761 quadraginta
826 3682 889 3741 dies
939 3682 1007 3741 vies.

388 3761 597 3841 injungantur:
627 3783 700 3839 quos
724 3783 790 3821 oum
810 3761 887 3840 jeju·

388 3853 485 3901 nasset
511 3842 657 3900 Dominus
678 3854 777 3901 noster
800 3843 889 3901 Jesus
1079 3826 1232 3888 CANON
1254 3828 1296 3885 ῙῙ·

390 3922 534 3987 Christus.
551 3934 703 3999 postquam
723 3924 890 4001 baptizatus
981 3925 1021 3983 Iis
1035 3936 1134 3984 autem
1151 3926 1202 4001 qui
1219 3935 1372 4003 postquam
1392 3945 1437 3983 so·

389 4000 495 4069 fueret,
512 4012 642 4060 tentatus
659 4014 704 4060 est
722 4024 738 4060 a
756 4003 888 4063 diabolo:
940 4005 1000 4063 lum
1016 4006 1045 4062 in
1061 4004 1222 4064 custodiam
1237 4005 1347 4070 traditi,
1363 4016 1394 4063 et
1408 4003 1438 4061 in
1448 4026 1490 4079 30

390 4079 419 4136 in
432 4082 537 4158 quibus
549 4093 579 4139 et
593 4082 647 4160 ipsi
660 4102 725 4140 eum
742 4082 826 4143 valde
838 4104 888 4141 ex·
940 4104 1063 4151 carcere,
1079 4097 1225 4160 tamquam
1241 4084 1271 4140 in
1288 4084 1439 4143 obsidione

522 4253 536 4281 Ι
549 4241 628 4290 Galat.
640 4244 672 4289 vi.
690 4256 724 4304 ιη.
1126 4244 1140 4281 b
1153 4242 1225 4290 Μαῖα
1239 4244 1270 4289 vi.
1285 4257 1307 4289 τ.

521 4335 534 4361 ⁰
551 4339 558 4371 ι
575 4324 627 4372 Pet.
641 4340 663 4369 v.
676 4326 699 4369 8.
718 4326 806 4373 coloss
821 4326 852 4371 iv.
865 4338 885 4370 ς.
1126 4324 1268 4371 amastiv.
1285 4338 1320 4372 ιο.
