3242 5150
221 1185 270 1281 S.
298 1181 564 1280 PETRUS
595 1181 1152 1278 ALEXANDRINUS.

580 1411 806 1445 ...φ-..-

164 1585 281 1656 ana
308 1583 523 1656 Vmaratitis
543 1585 582 1656 ia
603 1582 876 1679 Martyrologio,
893 1583 941 1654 od
955 1582 1116 1654 Novemb.
1129 1605 1213 1653 xxv.

490 1724 569 1793 pag.
581 1705 666 1779 449.
683 1699 734 1770 ed.
752 1696 894 1772 Smittt.

167 1839 395 1944 NATALE
413 1871 451 1944 S.
467 1873 565 1944 Petri
587 1873 753 1966 Episcopi
770 1871 1025 1942 Alexandrini:
1054 1872 1214 1964 quicum

166 2005 257 2066 esset
274 1997 441 2066 omnibus
458 1996 647 2066 adornatus
660 1995 861 2076 virtutibus,
876 1996 911 2064 in
925 1994 1115 2086 Scripturis
1128 2018 1215 2087 quo-

166 2140 234 2210 que
251 2119 382 2190 divinis
404 2118 535 2190 nullius
551 2120 707 2212 priorum
726 2119 880 2200 inferior,
898 2141 979 2189 vere
999 2119 1160 2189 sacerdos
1177 2128 1215 2188 et

166 2241 281 2314 hostia
305 2243 396 2325 Deo,
413 2244 531 2315 subito
554 2243 694 2335 eapitur
713 2251 822 2334 atque
844 2265 890 2312 ex
915 2241 1106 2312 Maximini
1129 2266 1216 2334 prae-

168 2373 272 2456 oepto
303 2367 421 2458 capito
450 2367 703 2437 obtruncatur:
743 2389 825 2436 cum
856 2389 926 2458 quo
955 2365 1060 2453 simul
1090 2375 1128 2436 et
1155 2366 1215 2435 alii

168 2487 285 2580 plures
303 2513 351 2560 ex
367 2487 523 2585 AEgypto
541 2490 771 2560 trucidantur.
807 2489 988 2582 Scriptum
1000 2490 1038 2558 iu
1055 2487 1217 2560 Historia

171 2608 308 2685 Eooles.
326 2612 416 2682 libro
433 2634 527 2682 nono
545 2610 757 2702 (Rufinianae
775 2611 909 2704 Interp.
924 2612 1096 2704 Eusebii).

313 2836 407 2907 Gur..
422 2834 575 2920 Carme,
592 2834 688 2908 Htst
706 2834 777 2908 Lit.
795 2838 919 2906 tomi.
937 2859 972 2928 p.
989 2832 1071 2906 160.

221 2983 378 3067 Pnrnns,
396 2984 425 3055 si
447 3007 519 3054 nou
537 2993 629 3068 ortu,
647 2984 774 3055 saltem
795 2984 1019 3055 institutione
1041 2993 1078 3056 et
1102 2984 1217 3056 officio

174 3101 448 3189 Alexandrinus,
462 3106 673 3199 scriptorum
691 3107 850 3177 omnium
867 3107 972 3199 hujus
988 3109 1056 3179 aevi
1071 3108 1217 3200 (quarti)

174 3248 301 3319 agmen
326 3229 436 3311 duoit,
463 3230 669 3321 etquidem
693 3231 831 3300 merito.
883 3230 971 3300 Erat
997 3232 1104 3313 enim,
1126 3240 1218 3301 teste

177 3345 331 3422 Eusebio
361 3350 436 3439 (llb.
454 3352 502 3422 lx.
525 3375 601 3445 cap.
615 3350 664 3445 6.)
696 3356 782 3423 θεῖον
805 3353 992 3423 ἐπισκόπων
1016 3361 1139 3448 χρῆμα,
1165 3352 1220 3423 di·

175 3470 292 3544 mnam
301 3472 552 3569 Episcopowm
564 3474 894 3559 deaecmistianae
904 3477 1083 3571 religionis
1096 3477 1220 3547 doctor

176 3598 345 3669 eximius:
371 3622 454 3670 oum
471 3600 517 3670 ob
534 3602 645 3671 totius
670 3602 750 3672 vitae
772 3603 1053 3686 sanctimoniam,
1072 3609 1148 3670 turn
1173 3600 1219 3669 ob

179 3741 351 3795 sacrarum
373 3712 555 3795 literarum
578 3725 736 3796 studium
757 3748 798 3796 ao
816 3725 979 3818 peritiam
1001 3723 1219 3795 venerabilia.

179 3841 236 3917 Ad
258 3848 430 3940 pietatem
451 3847 559 3940 juxta
583 3856 621 3917 et
646 3870 760 3919 sacras
785 3828 906 3919 literas
932 3872 954 3918 a
976 3847 1122 3918 Theona
1148 3848 1221 3939 epi-

180 3988 283 4063 scopo
309 3970 481 4041 formatus
505 3978 571 4053 est,
601 3971 658 4041 eui
686 3970 815 4041 deiude
839 3973 915 4063 ipso
942 3992 1035 4040 anuo
1065 3969 1220 4040 saeculari

181 4088 308 4165 Christi
327 4098 410 4165 300.
429 4095 466 4163 in
484 4095 567 4165 sedo
584 4093 830 4167 Alexandrina
854 4095 1032 4168 successit.
1091 4093 1222 4185 Elapso

182 4212 250 4287 lere
274 4218 311 4287 in
329 4215 519 4310 episcopali
545 4240 692 4287 munere
710 4218 862 4288 triennio
880 4226 1006 4288 exorta
1026 4225 1081 4287 est
1105 4237 1223 4307 perse·

184 4340 313 4411 outioa
335 4339 560 4410 Diocletiano
580 4364 672 4411 anno
691 4346 775 4411 303.
794 4342 973 4411 excitata:
1000 4362 1046 4409 ex
1070 4361 1139 4430 quo
1160 4359 1223 4429 per
