3242 5150
478 1609 1074 1724 ANNOTATIONES

556 1887 621 1969 IN
652 1890 689 1968 S.
713 1887 1002 1970 PHILEAM.

667 2155 893 2188 ...ψ-.-

298 2349 335 2410 Ρ.
348 2350 400 2432 87.
415 2349 435 2412 l.
447 2352 476 2414 6.
496 2349 573 2413 Ἀπὸ
593 2357 652 2414 τῶν
672 2350 797 2436 Φιλέου]
813 2351 940 2430 Omnia,
955 2375 1026 2436 quae
1043 2355 1085 2417 de
1106 2351 1217 2417 Philea
1231 2352 1301 2438 ipso

252 2451 423 2537 scripserat
444 2451 611 2529 Eusebius,
626 2453 711 2539 prius
726 2477 822 2540 quem
845 2456 1019 2520 addueeret
1037 2456 1156 2519 Phileae
1180 2457 1298 2538 episto·

252 2554 326 2633 lam,
349 2555 508 2641 martyris,
533 2565 569 2621 ut
591 2579 662 2620 cum
686 2556 888 2621 Tillemontio
908 2557 1028 2642 loquar,
1046 2557 1086 2621 de
1106 2558 1302 2643 martyribus

252 2659 385 2743 agentis,
402 2681 506 2744 operae
526 2659 662 2751 pretium
683 2669 732 2723 est
752 2660 940 2725 describere.
986 2661 1157 2740 Θανμάσιοι
1173 2665 1230 2741 μὲν
1247 2663 1300 2725 οῦν

253 2765 301 2828 καὶ
315 2766 405 2827 οῦτοι·
429 2762 530 2842 (beati
550 2770 707 2847 martyres
726 2770 801 2826 ante
822 2762 1076 2843 commemorati)
1098 2761 1253 2844 ἐξαιρέτως
1267 2766 1300 2827 δὲ

252 2867 359 2930 ἐκεῖνοι
371 2863 614 2945 θαυμασιύτεροι,
625 2866 653 2927 oz
664 2866 782 2949 πλούτιρ
792 2866 850 2945 μὲν
862 2866 909 2928 καὶ
921 2866 1055 2950 εῦγενεία
1067 2866 1115 2929 καὶ
1124 2867 1204 2952 δόξῃ,
1217 2868 1300 2952 λόγῳ

250 2993 283 3031 τε
299 2968 347 3031 καὶ
361 2971 530 3051 φιλοσοφίᾳ
545 2966 772 3049 διατρέψαντες·
795 2967 893 3031 πάντα
908 2994 944 3050 γε
960 2967 1019 3047 μὴν
1039 2969 1161 3050 δεύτερα
1180 2967 1300 3048 θέμενοι

251 3074 300 3149 τῆς
315 3071 445 3148 ἀληθοῦς
461 3071 626 3149 εὐσεβείας,
643 3071 751 3148 καὶτῆς
767 3072 808 3135 εἷς
822 3070 876 3133 τὸν
890 3074 1013 3152 Σωτῆρα
1028 3072 1076 3133 καὶ
1097 3072 1206 3151 Κύριον
1218 3070 1300 3149 ἡμῶν

249 3169 367 3251 Ἰησοῦν
381 3172 515 3252 Χριστὸν
528 3174 666 3238 πίστεως·
689 3173 750 3238 οίος
761 3174 935 3252 Φιλύρωμος
946 3173 993 3252 ῆν·
1015 3172 1111 3255 ἀρχήν
1121 3197 1189 3236 τινα
1201 3173 1235 3236 οὐ
1245 3174 1299 3252 τῆν

250 3276 401 3361 τνχοῦσαν
415 3280 466 3354 τῆς
481 3274 541 3340 κατ’
556 3274 789 3355 Ἀλεξάνδρειαν
803 3278 964 3353 βασιλικῆς
979 3276 1148 3353 διοικήσεως
1168 3277 1298 3357 ἐγκεχει-

249 3378 397 3457 ρισμένος·
421 3378 453 3444 ὃς
474 3382 549 3458 μετὰ
571 3384 623 3441 τοῦ
645 3379 807 3457 ἀξιώματος
831 3378 878 3440 καὶ
892 3380 943 3455 τῆς
956 3374 1118 3456 Ῥωμαῖκῆς
1140 3380 1222 3455 τιμῆς
1241 3377 1298 3439 ῦπδ

250 3482 440 3561 στρατιώταις
454 3483 718 3563 δορυφορούμενος,
733 3480 860 3559 ἑκάστης
871 3480 1040 3561 ἀνεκρίνετο
1052 3477 1169 3559 ἡμέρας·
1186 3479 1299 3545 Φιλέας

248 3606 281 3645 τε
304 3586 356 3660 τῆς
384 3588 541 3663 Θμονϊτῦν
567 3586 725 3663 ἐκκλησίας
751 3586 922 3649 ἐπίσκοπος·
950 3580 1118 3662 διαπρέψας
1142 3579 1216 3661 ἀνὴρ
1235 3586 1299 3647 ταῖς

250 3687 323 3747 κατδ
337 3685 391 3763 τῆν
405 3689 530 3766 πατριδα
543 3689 707 3753 πολιτείαις
721 3712 753 3750 τε
769 3689 817 3750 καὶ
832 3688 1039 3767 λειτουργίαις·
1063 3686 1096 3747 έν
1108 3708 1139 3747 τε
1150 3690 1212 3749 τοῖς
1225 3687 1298 3746 κατὰ

249 3789 435 3868 φιλοσοφίαν
450 3790 563 3869 λόγοις·
587 3788 616 3852 οἳ
630 3790 679 3853 καὶ
692 3792 802 3871 μυρίων
817 3791 899 3852 ὅσων
913 3788 985 3868 πρὸς
1001 3788 1122 3865 αἵματός
1133 3809 1166 3849 τε
1181 3786 1299 3849 καὶτῶν

249 3886 353 3949 ἀλλων
367 3888 467 3968 φίλων
482 3889 731 3966 ἀντιβολούντων,
748 3892 791 3953 ἔτι
810 3888 869 3968 μὴν
888 3896 947 3952 τῶν
968 3888 1013 3953 ἔπ’
1029 3890 1113 3968 ἀξίας
1132 3889 1298 3969 ἀρχόντων,

248 3986 322 4067 πρὸς
344 3991 376 4051 δὲ
397 3989 445 4052 καὶ
464 3989 554 4052 αῦτοῦ
574 3995 625 4053 τοῦ
646 3995 785 4055 δικαστοῦ
807 3996 1060 4072 παρακαλοῦντος,
1082 3992 1121 4057 ὡς
1142 3987 1180 4052 ἀν
1203 3989 1299 4051 αῦτῶν

249 4088 347 4154 οἶκτον
361 4090 501 4169 λάβοιεν,
516 4093 642 4173 φειδιύτε
657 4094 772 4157 παίδων
790 4096 838 4157 καὶ
851 4098 998 4176 γυναικῶν
1010 4092 1191 4171 ποιήσοιντο·
1212 4091 1298 4153 οῦδα-

249 4196 308 4269 μῖνς
321 4192 396 4272 πρὸς
414 4197 473 4255 τῶν
492 4196 642 4259 τοσούτων
657 4197 705 4259 ἐπὶ
725 4198 759 4259 τδ
780 4201 965 4278 φιλοζωῆσαι
978 4199 1036 4275 μὲν
1057 4195 1192 4269 ἑλέσθαι,
1208 4217 1295 4255 κατα-

250 4296 396 4373 φρονῆσαι
412 4295 442 4356 δὲ
458 4298 517 4357 τῶν
532 4296 599 4377 περὶ
613 4299 774 4379 ὁμολογίας
787 4300 835 4362 καὶ
850 4298 1002 4380 ἀρνήσεως
1012 4302 1064 4360 τοῦ
1076 4300 1206 4374 σωτῆρος
1216 4294 1296 4371 ἡμῶν

251 4398 367 4473 θεσμῶν
382 4394 567 4478 ύπῆχθησαν·
588 4400 711 4483 ἀνδρείῳ
727 4403 758 4462 δὲ
775 4404 912 4484 λογισμῷ
928 4402 975 4463 καί
991 4400 1163 4480 φιλοσόφῳ,
1177 4398 1298 4473 μᾶλλον
