3242 5150
359 383 426 450 346
593 385 625 448 S.
648 383 895 449 PAMPHILI
921 383 1180 448 MARTYRIS

691 489 708 526 0

357 555 503 640 judicata
534 554 663 620 vesania
695 553 819 618 facilius
857 552 1045 632 declaretur,
1078 555 1222 620 accidere
1255 553 1338 618 solet
1363 553 1415 619 vel

360 688 447 742 casu,
463 665 512 730 vel
535 664 697 729 interdum
717 666 836 742 studio,
852 672 890 729 ut
910 665 1036 730 nomine
1050 664 1083 728 iu
1098 665 1207 730 codice
1227 685 1293 729 non
1307 663 1416 749 praeti·

361 775 467 841 tulato
481 775 607 860 legatur
621 774 741 859 aliquid
755 775 854 859 ipsius
870 775 903 838 iu
918 776 1048 840 auribus
1059 776 1312 840 obtrectatorum
1324 775 1416 861 quasi

362 885 495 952 alterius
509 885 706 950 tractatoris.
752 885 846 966 Quod
866 886 989 951 tamdiu
1012 885 1117 969 placet
1134 893 1168 950 et
1187 885 1348 964 laudatur,
1364 891 1416 950 at-

364 1018 425 1081 que
454 996 487 1059 iu
513 995 598 1059 omni
624 995 836 1061 admiratione
863 996 1011 1074 habetur,
1037 996 1188 1081 quamdiu
1211 1017 1327 1060 nomen
1351 1017 1418 1060 non

365 1106 462 1172 fuerit
487 1106 672 1172 iudicatum.
717 1106 765 1170 At
791 1106 847 1170 ubi
873 1106 1018 1191 Origeuis
1044 1107 1172 1193 cognita
1200 1107 1320 1172 fuerint
1347 1125 1419 1171 esso

364 1240 437 1303 quae
466 1217 647 1303 placebant,
675 1215 787 1281 statim
817 1215 993 1301 displicent,
1025 1216 1135 1280 statim
1169 1215 1321 1281 baeretioa
1349 1237 1419 1280 osse

365 1328 531 1394 dicuutur:
563 1334 597 1393 et
622 1350 661 1392 ea
688 1349 760 1411 quae
786 1327 882 1412 paulo
907 1334 983 1392 ante
1007 1328 1049 1391 ad
1075 1326 1187 1392 caelum
1210 1349 1311 1411 usque
1336 1326 1418 1391 sere·

366 1439 495 1518 bantur,
510 1439 622 1504 iisdem
639 1438 768 1503 vocibus
790 1439 964 1523 eademque
985 1438 1094 1523 lingua
1115 1460 1215 1523 usque
1237 1437 1279 1501 ad
1301 1437 1420 1502 inferos

366 1549 604 1635 demerguntur.
650 1550 816 1612 Praeterea
844 1546 942 1612 ctiam
970 1547 1047 1611 illud
1078 1555 1128 1612 est
1155 1547 1307 1625 iuvenire,
1332 1545 1419 1632 quod

366 1681 592 1745 nonuunquam
606 1659 689 1725 tales
709 1667 785 1724 sunt
803 1665 1007 1723 accusatores
1022 1659 1102 1742 ejus,
1118 1659 1172 1744 qui
1193 1681 1251 1724 uec
1270 1660 1420 1724 Graecam

366 1771 512 1836 noverint
523 1771 682 1855 linguam:
700 1768 754 1834 alii
765 1769 955 1834 omnimodis
965 1768 1121 1854 imperiti:
1142 1769 1284 1832 nonnulli
1294 1767 1420 1834 etiamsi

366 1881 486 1967 aliquid
502 1880 652 1944 videntur
665 1879 783 1942 habere
804 1879 939 1964 peritiae,
954 1901 1017 1943 ιιοιι
1032 1885 1141 1944 tamen
1156 1879 1254 1944 etiam
1273 1878 1306 1942 id
1321 1878 1420 1943 studii

367 1989 516 2053 habuisse
536 1989 749 2064 inveniuntur,
768 2000 805 2053 ut
824 1989 913 2052 libris
930 1989 999 2074 ejus
1020 2010 1150 2074 operam
1170 1987 1337 2062 dederint;
1360 1995 1420 2053 aut

367 2097 394 2162 si
417 2096 569 2161 acciderit
591 2108 628 2160 ut
652 2097 749 2160 etiam
770 2096 916 2182 legerint,
940 2119 1004 2162 non
1024 2097 1175 2163 continuo
1197 2099 1295 2163 etiam
1317 2105 1420 2162 tantur

367 2206 554 2272 eruditionis
569 2208 699 2283 inerint,
713 2214 751 2271 ut
772 2207 976 2273 altitudinem
993 2231 1104 2274 sensus
1126 2210 1194 2294 ejus
1212 2209 1336 2294 assequi
1351 2211 1421 2295 qni·
1479 2199 1483 2206 ’

368 2315 484 2394 verint,
501 2337 564 2400 quo
579 2337 618 2380 ea
632 2337 703 2402 quae
718 2315 770 2379 ille
783 2315 908 2382 diverso
923 2325 1092 2402 prospectu
1108 2339 1166 2403 pro
1180 2318 1258 2383 locis
1273 2324 1306 2382 et
1317 2317 1422 2382 causis

370 2425 525 2491 disserere
539 2424 632 2502 solet,
646 2425 814 2489 advertere
830 2425 996 2491 valuerint.
1044 2425 1167 2490 Multos
1185 2425 1326 2490 invenias
1341 2447 1422 2511 quos

368 2537 395 2603 si
410 2537 586 2624 interroges
604 2536 767 2622 inquibus
788 2536 888 2617 libris,
904 2537 1008 2602 autin
1023 2536 1139 2623 quibus
1159 2535 1236 2601 loeis
1251 2535 1339 2601 dicto
1356 2535 1422 2601 sint

368 2650 437 2714 haec
452 2670 523 2734 quae
538 2655 688 2734 arguunt,
703 2649 898 2714 confitentur
913 2670 946 2713 se
962 2648 1089 2733 quidem
1104 2648 1225 2713 nescire
1242 2670 1281 2712 ea
1296 2648 1336 2711 de
1350 2646 1421 2731 qui-

369 2761 430 2825 bus
455 2760 627 2838 affirmant,
653 2781 711 2824 uec
736 2758 851 2844 legisse
878 2781 1029 2844 uuquam,
1054 2758 1180 2823 audisse
1209 2765 1318 2823 autem
1342 2756 1423 2823 alios

370 2870 519 2935 dicentes.
565 2870 618 2933 Ex
646 2891 708 2954 qno
734 2869 832 2933 cuivis
859 2870 953 2953 plena
978 2867 1102 2933 ridiculi
1128 2870 1288 2935 sententia
1312 2890 1423 2933 sorum

369 2979 540 3056 videbitur,
555 3001 625 3043 oum
641 2981 681 3043 de
703 2979 753 3043 his
768 2978 920 3072 iudicant
935 2985 1033 3063 atque
1052 3001 1090 3043 ea
1110 2980 1335 3057 condemnant,
1349 3002 1423 3065 quae

370 3112 429 3154 nec
443 3090 564 3153 discere
580 3089 707 3173 quidem
723 3089 811 3172 prius
825 3110 863 3152 ac
878 3111 972 3153 nosse
986 3096 1171 3172 potuerunt.
1203 3088 1242 3153 lu
1257 3090 1336 3154 alios
1349 3110 1423 3154 vero

370 3198 445 3263 novi
459 3196 576 3261 furoris
590 3197 720 3261 morbus
735 3203 768 3261 et
782 3198 936 3263 inauditae
951 3199 1039 3263 labes
1053 3200 1183 3264 incessit
1196 3200 1338 3277 insaniae,
1351 3221 1421 3264 cunr

371 3316 439 3373 tam
453 3306 556 3372 multa
570 3306 638 3393 ejus
652 3306 813 3371 volumina
827 3310 947 3373 referta
961 3310 1062 3374 totius
1077 3310 1228 3374 utilitatis
1239 3318 1272 3375 ot
1286 3310 1423 3376 instruc·

371 3417 468 3483 tionis
482 3417 673 3493 habeantur,
688 3423 722 3481 ot
742 3416 821 3481 satis
841 3438 916 3481 rara
934 3430 967 3483 et
986 3442 1146 3505 perpauca
1162 3420 1245 3485 sorte
1261 3420 1332 3485 loca
1346 3421 1421 3496 sint,

370 3529 405 3593 in
419 3529 533 3615 quibus
547 3528 596 3593 vel
610 3527 821 3613 imperitiores
836 3528 962 3615 quique,
980 3531 1039 3610 vel,
1055 3532 1140 3615 quod
1155 3532 1267 3609 verius,
1280 3530 1424 3597 malevoli

372 3662 465 3725 posse
487 3639 546 3704 sibi
574 3638 743 3705 videantur
767 3639 903 3703 offendi:
933 3640 1040 3704 omnia
1063 3639 1191 3725 quidem
1217 3640 1271 3705 illa
1295 3663 1366 3726 quse
1390 3648 1425 3706 et

372 3751 539 3825 catholica,
555 3752 646 3816 etad
660 3749 905 3816 aedificationem
918 3750 1041 3830 animae,
1053 3758 1152 3837 atque
1165 3752 1208 3816 ad
1223 3750 1363 3817 scientiae
1378 3752 1424 3816 in·

372 3860 580 3925 structionem
603 3860 701 3923 etiam
726 3860 787 3947 ipsi
814 3866 892 3945 apta
914 3859 1068 3936 fatentur,
1094 3861 1248 3926 omittunt
1270 3868 1305 3925 ot
1328 3861 1424 3947 negli·

372 3976 473 4057 gunt3
496 3991 554 4033 uec
569 3968 688 4053 aliquid
706 3969 780 4033 iude
795 3971 880 4033 unde
899 3974 1032 4054 possunt
1047 3976 1080 4034 et
1095 3972 1213 4037 debent
1230 3968 1421 4058 lproiioero;

373 4102 412 4145 ea
425 4100 500 4145 vero
517 4078 585 4143 sola
606 4099 676 4168 qnae
699 4076 741 4142 ad
764 4078 954 4143 calumniam
975 4079 1155 4164 proficiant,
1171 4102 1294 4146 summo
1315 4082 1423 4148 studio

374 4190 537 4256 ediscunt:
560 4190 666 4276 utqui
687 4190 762 4255 boni
785 4190 863 4255 nihil
883 4213 1023 4277 uuquam
1044 4193 1127 4258 forte
1149 4193 1339 4275 didicerunt,
1355 4194 1424 4259 baec

668 4345 677 4383 ¹
690 4342 745 4391 uls.
758 4343 857 4392 Sorbou.
869 4344 986 4406 proficere
996 4352 1130 4393 commuue.
