3242 5150
343 414 376 475 S.
399 407 620 474 DIONYSII
644 405 792 470 ALEX.
816 405 881 470 DE
906 403 1121 468 NATURA.
1192 403 1256 465 415

212 597 321 665 λουσι
340 585 653 688 φιλοσοφοῦντες;
673 578 756 656 ἀλλ’
778 575 857 655 οὐδὲ
876 574 1050 674 θυμηδίαν
1067 572 1197 672 ταύτης
1213 570 1258 651 ἀν

212 717 335 819 ἑτέραν
352 721 549 817 προθεῖντο.
578 709 726 812 καὶγὰρ
745 716 774 789 εἱ
796 708 838 789 τὸ
859 706 997 812 ἀγαθὸν
1018 705 1148 807 ἡδονὴν
1172 704 1260 787 εἶναι

216 857 425 958 φρονοῦσιν,
457 849 541 926 ἀλλ’
572 842 852 944 αι’δεσθήσονταί
875 842 987 946 γεμὴ
1016 842 1135 944 λε’γειν
1161 843 1261 942 ἥδιον

216 987 335 1068 αὑτοῖς
352 982 439 1062 εἶναι
457 980 500 1060 τὸ
518 985 748 1086 φιλοσοφεῖν.
779 976 861 1062 τοάς
880 976 917 1058 δὲ
936 976 1049 1060 emis
1066 981 1147 1080 περὶ
1165 975 1214 1055 ὧν
1229 982 1262 1056 οὶ

189 1116 281 1217 ημὲν
298 1117 440 1215 ποιηταὶ
457 1113 540 1216 παρ’
561 1115 679 1195 αι’ποῖς
704 1109 843 1218 ᾄδουσι,
863 1115 1013 1214 δοτῆρας
1036 1109 1138 1190 ε’ἀων·
1167 1110 1262 1189 οὗτοι

217 1249 256 1329 δὲ
274 1256 308 1329 οἱ
326 1246 527 1355 φιλόσοφοι
554 1245 643 1345 μετὰ
667 1247 814 1328 τωθεῖας
833 1247 1044 1350 εὐφημοῦσι,
1063 1247 1149 1322 θεοὶ
1167 1241 1259 1322 πάν·

219 1419 291 1464 των
309 1387 455 1484 ἀγαθῶν
473 1380 651 1482 ἀδώρητοί
666 1412 704 1459 τε
722 1382 782 1458 καὶ
792 1379 972 1480 ἀμέτοχοι.
994 1380 1052 1456 καὶ
1063 1378 1130 1456 τίνι
1143 1374 1265 1481 τρόπῳ

220 1522 488 1616 τεκμηριοῦνται
506 1509 619 1594 Θεοάς
636 1508 734 1607 εἶναι,
753 1508 841 1610 μήτε
863 1507 1045 1613 παρόντας
1068 1514 1125 1590 καὶ
1147 1509 1263 1612 πράτ·

221 1644 348 1729 τοντάς
366 1679 400 1725 τι
419 1647 581 1747 ὁρῶντες,
601 1648 649 1726 ὦς
667 1642 701 1722 οἳ
724 1642 787 1724 τὸν
811 1643 916 1742 ἥλιον
940 1646 999 1722 καὶ
1021 1642 1087 1742 τὴν
1109 1641 1268 1743 σελήνην

179 1782 281 1860 ιοκαὶ
298 1776 380 1860 τοὺς
405 1777 560 1878 ἀστέρας
586 1775 846 1874 θαυμάσαντες,
864 1775 923 1854 διά
945 1772 986 1856 τὸ
1012 1774 1103 1855 θέειν
1125 1776 1268 1881 ἔφασαν

223 1918 421 2012 κεκλῆσθαι
436 1910 559 1994 Θεοάς·
578 1910 668 2010 μήτε
685 1909 765 1990 τινὰ
783 1912 1012 2015 δημιουργίαν
1028 1911 1147 1995 αὐτοῖς
1163 1908 1187 2010 ἢ
1206 1945 1269 1989 κα-

223 2046 401 2146 τασκευὴν
424 2047 696 2149 προσνέμοντες,
715 2047 758 2127 ἵν’
777 2049 816 2127 ἐκ
839 2055 903 2127 τοῦ
931 2052 1050 2142 θεῖναι,
1068 2051 1164 2124 τοῦτ’
1191 2045 1270 2123 ἔστι

223 2186 388 2280 ποιῆσαι,
424 2178 688 2279 θεοποιήσωσιν
716 2179 855 2264 αὐτούς·
901 2178 1043 2278 (τούτου
1071 2177 1143 2280 γὰρ
1170 2177 1272 2256 ἕνεκα

225 2312 314 2418 πρὸς
333 2310 504 2412 ἀλήθειαν
519 2314 539 2391 ὁ
556 2320 628 2392 τῶν
647 2310 815 2392 ἁπάντων
825 2310 973 2412 ποιητὴς
987 2317 1046 2391 καὶ
1059 2310 1271 2414 δημιουργὸς

181 2446 334 2548 ι5μόνος
352 2449 431 2525 ἐστὶ
458 2442 585 2548 Geir)
610 2445 699 2544 μήτε
725 2446 909 2544 διοίκησιν,
927 2444 951 2545 ἢ
971 2447 1101 2548 κρίσιν,
1119 2444 1143 2545 ἢ
1167 2443 1273 2548 χάριν

228 2584 345 2661 αι’πῶν
363 2580 443 2661 τινὰ
459 2580 550 2682 πρὸς
568 2580 776 2683 ἀνθρώπους
794 2580 1015 2678 ἐκτιθέμενοι,
1033 2581 1092 2659 ἵνα
1113 2578 1273 2685 φόβονῆ

229 2715 334 2815 τιμὴν
351 2713 581 2822 ὀφλήσοντες
599 2715 908 2816 προσκυνήσωμεν
926 2716 1066 2808 euroin

278 2849 332 2926 Ἢ
351 2857 415 2928 τοῦ
431 2846 572 2946 κόσμου
584 2845 776 2953 προκύψας
785 2849 1007 2950 Ἐπίκουρος,
1022 2852 1081 2927 καὶ
1094 2846 1158 2927 τὸν
1171 2832 1276 2950 οάράἷ

231 3000 385 3059 molestum
413 3000 468 3059 sibi
492 3009 580 3076 atque
602 2999 729 3058 invisum
779 3000 904 3058 lientes:
929 3000 1020 3076 (quod
1038 3000 1154 3076 sequuti
1174 3000 1277 3059 saltem

185 3108 223 3147 20
232 3100 294 3140 esee
303 3078 524 3159 philosophandi
536 3080 655 3137 munus?
664 3080 730 3136 Imo
779 3079 925 3147 videntur,
940 3080 990 3156 qui
1005 3079 1104 3147 solem,
1119 3080 1229 3150 lunam,
1244 3102 1278 3141 ου

231 3182 291 3219 non
310 3160 394 3218 uliam
409 3160 542 3238 profecto
555 3160 623 3217 huic
641 3158 730 3217 enimi
780 3160 880 3218 stellae
898 3160 1042 3227 admirati,
1062 3164 1144 3220 θεοὺς
1160 3162 1216 3219 hoc
1233 3172 1278 3220 est

231 3242 412 3319 voluptutem
435 3251 502 3297 ante
524 3250 631 3297 ouant:
666 3238 731 3297 Etsi
781 3240 871 3305 Deos,
886 3243 928 3296 διὰ
941 3244 972 3295 τὸ
986 3243 1062 3307 θέειν,
1076 3241 1107 3299 id
1121 3252 1278 3307 eet‚acur-

232 3321 310 3380 enim
331 3320 440 3378 bonum
464 3260 644 3397 vofuptetem
667 3340 730 3378 om·
781 3320 872 3378 teudo
896 3330 1013 3379 vocatos
1039 3340 1102 3380 esee
1126 3321 1276 3395 dixerunt)

235 3420 300 3458 nem
319 3419 382 3457 esee
400 3409 545 3468 statuunt,
560 3399 615 3457 hoc
633 3411 731 3458 temen
780 3420 835 3459 nec
849 3400 910 3458 ullo
924 3420 1041 3479 prorsus
1054 3400 1085 3458 iu
1096 3421 1216 3479 operum
1228 3411 1280 3461 eut

187 3493 224 3556 25
235 3480 330 3538 dicere
339 3481 526 3547 verebuntur,
535 3478 732 3558 philosophari
781 3479 965 3538 functionum
979 3500 1085 3556 genere
1098 3481 1205 3538 vernari
1218 3500 1279 3539 ere-

235 3560 289 3618 sibi
313 3579 373 3616 nou
401 3579 464 3617 esee
488 3558 601 3636 vulgari
628 3558 730 3636 volup·
782 3559 863 3625 dunt,
874 3564 1004 3617 uteose'x
1014 3566 1061 3615 τοῦ
1069 3562 1159 3629 θεῖναι,
1169 3560 1226 3618 hoe
1236 3570 1281 3619 eet

234 3650 296 3697 tate
321 3638 490 3715 jucundius.
533 3638 613 3696 Deos
636 3658 731 3715 porro.
781 3637 1281 3710 ebefficiendoommicuw,Deou

235 3739 309 3797 quoe
335 3730 428 3796 poetae
456 3716 574 3795 quidem
601 3718 733 3776 bonorum
783 3718 928 3776 efficiant:
972 3722 1138 3797 (propterea
1173 3719 1282 3798 quippe

236 3807 366 3857 auctores
385 3799 551 3875 praedieuut,
569 3796 735 3875 philoeophi
783 3798 911 3855 omnium
930 3797 1049 3856 effector
1063 3809 1151 3875 atque
1164 3798 1282 3857 molitor

188 3894 228 3951 30
237 3898 305 3935 vero
323 3877 382 3945 iuti,
396 3878 506 3935 nullius
527 3877 645 3935 omniuo
665 3875 734 3935 boui
784 3896 941 3935 unusvere
955 3878 1037 3937 Deus
1052 3884 1119 3952 est,)
1136 3877 1218 3937 nullo
1232 3878 1282 3937 de·

237 3958 283 4016 vei
298 3968 431 4016 auctores
440 3976 511 4022 esee,
523 3956 569 4015 vel
580 3956 735 4035 participes
785 3955 874 4035 nique
884 3958 931 4016 vel
941 3958 1168 4035 gubernationis,
1180 3958 1228 4016 vel
1234 3958 1283 4035 ju-

238 4036 360 4094 ridendo
365 4038 492 4111 jaetant3
508 4038 596 4104 Deos,
607 4037 734 4114 inquam,
785 4035 863 4105 dicii,
879 4037 926 4096 vel
939 4038 1071 4096 beneficii
1086 4038 1203 4097 vinculo
1217 4058 1283 4095 cum

238 4116 313 4182 illos,
327 4118 431 4192 quibus
444 4116 560 4175 tandem
576 4116 736 4174 rationibus
786 4116 952 4176 hominibus
962 4118 1167 4185 tenerivelint,
1178 4127 1212 4175 ut
1223 4117 1284 4176 cul-

240 4206 274 4253 ut
289 4196 369 4253 Deoe
381 4215 444 4254 esse
461 4208 568 4274 putent
586 4195 736 4253 adducun·
787 4208 850 4254 tum
869 4197 905 4255 iis
924 4198 1049 4274 aliquem
1068 4197 1115 4255 vel
1129 4208 1222 4262 metu,
1237 4196 1285 4254 vel

193 4294 229 4352 35
241 4286 290 4333 tur
298 4297 308 4345 3
333 4294 407 4352 quoe
419 4296 473 4334 nee
486 4287 643 4354 presentes
656 4275 737 4334 vide·
787 4276 906 4335 honoris
920 4297 1019 4336 caussa
1033 4276 1209 4336 debeamus?

241 4366 301 4421 ant,
316 4375 370 4414 uec
390 4376 486 4415 rerum
506 4356 659 4433 quiequam
676 4375 737 4414 mo·
830 4356 912 4415 Num
941 4356 1089 4434 Epicurus
1110 4357 1196 4421 forte,
1219 4374 1285 4413 cum
