3242 5150
383 401 434 465 IN
458 400 673 465 GONCILll
699 402 906 465 NEOCAES.
932 402 1159 466 CANONES.
1234 405 1297 472 197

291 573 329 636 P.
340 593 349 635 1
359 571 409 656 83.
419 572 439 634 l.
455 592 465 633 ι
472 591 502 657 3.
510 574 612 635 ἐλθεῖν
622 572 657 635 οὐ
667 573 798 655 δύναται]
809 570 943 656 Releget
955 571 1296 638 lectoremJohueonue

247 674 641 756 udOaume.Apeet.xV111.
665 670 704 736 ‘O
724 672 821 754 χήραν
840 674 956 750 λαβὸν,
975 671 994 752 ἢ
1018 675 1256 755 ἐκβεβλημένην,
1277 674 1296 755 ἢ

248 779 378 857 ἑταῖρον,
394 773 412 854 ἢ
428 774 547 849 οἰκέτιν,
562 772 581 854 ἢ
596 781 654 838 τῶν
666 776 715 838 ἐπὶ
731 779 849 854 σκηνῖης,
859 777 893 838 οὐ
905 777 1026 838 δύναται
1037 777 1113 840 εἶναι
1125 778 1295 853 ἐπίσκοπος,

247 876 265 955 ἦ
280 880 494 958 πρεσβύτερος,
507 875 524 956 ἦ
540 875 683 949 διάκονος,
699 874 806 955 ἦὸλως
820 882 872 939 τοῦ
888 879 1056 957 καταλόγου
1070 884 1123 940 τοῦ
1140 881 1295 960 ίερατικοῦ.

248 979 350 1042 Porro
365 978 406 1042 ab
422 982 533 1041 eodem
548 978 674 1041 erudito
683 977 751 1041 viro
766 978 864 1042 verbe
879 978 1011 1042 Levitiei
1021 1000 1090 1062 οορ.
1102 980 1167 1044 xxi.
1182 1003 1296 1048 comm.

252 1103 300 1160 14.
316 1080 506 1156 indicentur,
522 1080 578 1143 ubi
593 1101 715 1144 summo
727 1080 869 1165 pontifici
881 1080 946 1144 sere
961 1081 1073 1144 eedem
1087 1083 1297 1166 prohibentur

247 1181 402 1266 conjugia.
447 1181 596 1246 Ceterum
622 1204 697 1244 mox
726 1184 844 1246 addere
874 1181 1030 1247 Joennem
1060 1184 1297 1252 Antieehenum

248 1292 321 1369 post
335 1284 369 1346 ού
390 1283 486 1346 verbe
501 1281 535 1346 δι’
553 1284 644 1364 αὐτὴν
659 1283 849 1369 Beveregius
864 1285 1007 1362 notavit;
1034 1286 1102 1350 haec
1120 1296 1226 1353 tamen
1241 1291 1296 1355 eb-

248 1407 318 1450 eeee
332 1386 423 1449 video
437 1409 457 1449 a
470 1386 590 1449 Jeaem
604 1386 715 1470 ςσνίρτο
729 1385 820 1449 Βοιίί.
836 1386 900 1450 cod.
912 1387 963 1450 86.

294 1487 375 1551 Ibid.
391 1486 412 1549 l.
426 1490 474 1550 16.
497 1486 669 1571 ὑπηρεσίας]
691 1488 808 1550 Vocem
829 1488 965 1553 mutavit
984 1511 1055 1552 eum
1075 1489 1178 1554 ellere
1197 1496 1295 1556 διακο-

247 1591 314 1657 νίας
328 1612 367 1654 ex
381 1590 478 1653 codiee
491 1611 553 1662 ςιιο,
569 1596 606 1652 ut
621 1589 759 1665 videtur,
773 1597 906 1674 eeeepte
926 1589 1126 1676 Beveregiue.
1170 1593 1296 1677 Reliqui

248 1691 413 1754 Bodeiani
428 1690 648 1775 refragantur3
671 1699 704 1756 et
716 1676 923 1755 conserendus
934 1701 984 1757 eet
995 1693 1115 1757 Canon.
1129 1693 1176 1757 X.
1193 1695 1296 1759 Zona·

248 1814 362 1877 raeque
391 1793 424 1855 in
450 1792 568 1856 Scholie
593 1793 700 1871 hebet,
728 1795 811 1877 qued
837 1794 999 1879 nequitum
1041 1793 1167 1878 Ἀνδρὸς
1190 1804 1296 1861 λαῖκοΰ

247 1895 322 1976 γυνὴ
343 1900 546 1977 μοιχευθεῖσα,
564 1897 611 1958 καὶ
634 1902 770 1977 φανερῶς
792 1899 986 1978 ἐλεγχθεῖσα,
1004 1899 1110 1961 κωλύει
1129 1898 1183 1962 τὸν
1202 1901 1297 1979 ἄνδρα

248 1996 336 2074 αύτῆς
351 1998 392 2062 εἶς
406 1997 569 2075 ὑπηρεσίαν
585 1998 696 2070 έλθεῑν,
713 1996 867 2060 τουτέστιν
878 1999 920 2063 είς
930 1997 1050 2077 βαθμὸν
1062 2001 1208 2080 ίερατικόν
1218 2025 1294 2074 τινα,

247 2099 360 2177 πλὴνὴ
380 2105 516 2179 φανερῶς
537 2100 729 2180 ἐλεγχθεῖσα,
746 2099 835 2182 ούχὴ
856 2096 889 2161 ἓν
906 2099 1023 2182 ὑποψίᾳ
1042 2099 1198 2180 γενομένη,
1214 2099 1233 2178 ἢ
1249 2101 1297 2164 καὶ

248 2206 483 2282 κατηγορηθεῖσα
498 2199 578 2281 πορθ
596 2225 677 2266 τινος
696 2207 755 2264 τιῖν
775 2207 949 2281 κατηγορεῖν
963 2201 998 2264 ού
1019 2200 1188 2282 δυναμένων
1207 2203 1297 2281 αὐτῆς

247 2303 422 2381 προσώπων.
448 2303 482 2365 ού
504 2305 562 2383 γὰρ
583 2307 623 2386 τῷ
644 2302 820 2386 βουλομένῳ
836 2301 955 2383 ε’φεῖται
971 2304 1039 2383 περὶ
1056 2306 1193 2386 μοιχείας
1208 2331 1294 2384 κατη-

247 2411 358 2485 γορεῖν,
375 2406 456 2467 ullu
469 2408 568 2487 ῥητοῖς
585 2407 764 2485 προσώποις.
789 2403 844 2468 ἐὰν
857 2408 889 2468 δὲ
906 2406 954 2468 καὶ
972 2405 1129 2486 ἱερωμένου
1145 2407 1220 2486 γυνὴ
1233 2432 1297 2487 μοι-

247 2506 350 2589 χενθῇ,
366 2509 517 2570 ἀπολῦσαι
536 2507 626 2585 αὐτὴν
643 2510 772 2589 ὀφείλει,
793 2507 938 2584 τοντέστι,
957 2508 1127 2589 διαζνγῆναι
1148 2509 1245 2588 αὐτῆς·
1269 2513 1297 2574 εί

247 2611 281 2672 δὲ
295 2610 389 2688 συζῆν
404 2610 475 2688 αὐτῇ
491 2612 644 2687 βούλεται,
661 2612 805 2674 κωλύεται
820 2614 871 2687 τῆς
886 2611 1122 2692 ἑγχειρισθείσης
1142 2612 1218 2695 αύτῷ
1236 2619 1296 2677 δια-

247 2713 356 2777 κονίας·
378 2710 443 2789 ἧτοι
461 2716 515 2774 τοῦ
533 2717 653 2791 βαθμοῦ
673 2715 715 2778 είς
733 2711 768 2774 ὃν
787 2711 961 2794 κατετάχθη.
983 2712 1002 2789 ἡ
1024 2713 1082 2791 γῖιρ
1102 2716 1296 2794 μοιχευθεῖσα

246 2815 412 2892 μεμίανται,
428 2814 444 2876 ὁ
464 2816 496 2877 δὲ
517 2816 606 2899 ταύτῃ
624 2816 803 2895 μιγνύμενος
822 2814 856 2877 ἓν
877 2819 963 2892 σῶμα
980 2814 1105 2893 γίνεται,
1121 2812 1169 2875 καὶ
1188 2813 1297 2877 λοιπὸν

247 2913 367 2996 μετέχει
381 2910 514 2996 κφκεῖνος
527 2920 581 2978 τοῖν
601 2914 775 2994 μιάσματος,
795 2918 811 2978 θ
835 2917 868 2977 δὲ
889 2913 1089 2994 μεμιασμένος
1106 2921 1168 2982 πῶς
1188 2915 1295 2999 δεχῶῖ-

248 3040 333 3079 σεται
362 3018 404 3082 είς
433 3041 461 3079 τι
491 3021 573 3080 θεῖον
601 3018 798 3096 λειτούργημα
809 3044 818 3089 ;
857 3015 1037 3101 Chrietoph.
1067 3016 1225 3081 sustollas
1253 3017 1295 3081 ed

252 3118 388 3182 Oodioem
395 3120 550 3182 Οσοοτιιινι
559 3118 670 3183 Ενοίος.
683 3118 773 3181 Ποία.
784 3119 853 3182 haee
865 3107 997 3183 uotuvit.
1014 3127 1035 3156 “
1047 3118 1219 3183 Concilium
1230 3118 1296 3182 Eli·

248 3227 268 3256 “
281 3218 374 3284 berit.
386 3220 453 3305 [47]
470 3220 683 3285 Tertullianus
693 3218 747 3283 lib.
760 3219 799 3283 iv.
815 3228 927 3284 eontra
938 3220 1096 3284 Marcion.
1122 3220 1298 3304 Quidsaeil

250 3328 270 3359 ‘⁶
284 3322 371 3406 apud
383 3332 410 3385 ιο
423 3322 561 3398 nterim,
578 3323 607 3385 ei
620 3342 697 3385 υοον
711 3322 773 3405 qiu
783 3324 929 3387 οοιανιιίςῖι
938 3322 1134 3398 adelmum,
1146 3321 1298 3386 habebitne

249 3432 267 3461 “
283 3423 397 3488 illam?
419 3426 545 3509 τιυρίίας
558 3446 611 3487 τιοο
624 3425 767 3507 separari
780 3426 844 3488 vult
861 3425 1002 3489 Christus
1010 3422 1198 3509 prohibendo
1209 3445 1297 3509 repu-

249 3526 390 3599 ““ιίι“ιιιο;
414 3548 467 3589 τινα
482 3548 549 3590 νυνι
563 3525 685 3589 mamm
700 3524 813 3599 Ιιοθντί,
828 3536 900 3590 tuno
907 3526 1110 3611 pemitteude
1120 3526 1296 3590 divertium.

250 3634 267 3664 ‘⁸
284 3626 539 3713 Chrysoeiomue‚
555 3629 641 3691 Siout
655 3627 786 3691 οιυιίοίίο
805 3638 832 3691 οι
851 3628 974 3712 iniquus
986 3638 1037 3704 eet,
1052 3627 1107 3711 ρυί
1120 3637 1234 3691 caetum
1248 3628 1297 3691 ιύί-

250 3736 269 3765 “
283 3730 376 3793 mittit
397 3752 541 3803 ιιαοτουις
564 3730 609 3793 eie
621 3730 734 3813 satum
755 3731 924 3815 impiusque
938 3741 990 3804 eet,
1005 3731 1059 3815 qui
1081 3730 1185 3793 ratim
1206 3752 1297 3793 more·

251 3837 270 3867 “
285 3832 398 3895 ίνίοοια.
423 3830 586 3895 Innocent.
602 3834 670 3895 lll.
688 3854 757 3917 ουρ.
774 3833 828 3916 qui
843 3833 899 3895 vir.
916 3833 955 3896 de
971 3831 1125 3896 adulter?
1147 3830 1297 3896 civilibus

250 3954 374 4017 quoque
399 3932 521 4017 legibus
547 3933 675 4017 punitos
702 3957 770 3998 esse
797 3934 881 3998 viros
907 3934 1070 3999 adulteres
1096 3954 1210 3997 uxores
1234 3955 1298 3996 nou

250 4034 463 4119 repudiantes,
477 4035 518 4098 ed
532 4034 721 4098 Αυαιιιιλυι
734 4038 877 4099 Concu„
889 4036 1008 4101 Canon.
1022 4034 1107 4099 XX.
1119 4036 1188 4119 jem
1199 4035 1297 4098 edno-

250 4142 354 4199 tetum
376 4142 437 4198 est.
483 4134 610 4217 Lloydii
632 4138 707 4199 MS.
726 4137 893 4201 Pedalium
913 4144 946 4200 et
964 4136 1081 4222 θγίίορο
1109 4138 1217 4199 Veneta
1238 4134 1297 4197 lee-

252 4235 369 4301 tionem
385 4252 545 4321 receptam
561 4244 703 4303 tuentur.
