3242 5150
362 399 405 466 36
654 395 903 472 RELIQUIAE
930 393 1108 456 sAcRAE.

363 567 734 678 ἑξαντλήσας,πολλά
745 600 783 646 τε
795 563 894 646 ἆθλα
904 555 1413 667 ἀγωνισμάτωνὲνδειξάμενος

364 709 384 786 ἀ
402 703 574 808 μακάριος
592 703 800 785 ἀπόστολος
820 706 981 799 Παῦλος,
997 696 1161 801 ἐγνωκῶς
1177 728 1217 775 τε
1235 692 1291 774 ὅτι
1308 689 1413 770 ’κάλ-

364 838 445 922 λιάν
463 842 563 920 ἐστιν
582 841 763 918 ἀναλῦσαι
780 837 840 915 καὶ
866 832 937 914 σῦν
955 837 1108 938 Χριστῷ
1135 826 1232 925 εἶναι,
1257 825 1414 932 ἰπιφέρει

365 978 423 1056 καὶ
441 974 550 1076 λέγει·
581 971 638 1053 Τὸ
656 969 693 1052 δὲ
709 974 879 1070 ἐπιμεῖναι
891 975 937 1073 τῇ
949 969 1070 1070 σαρκὶ,
1083 961 1357 1066 ἀναγκαιότερον
1370 961 1413 1040 δι’

365 1114 468 1210 ὑμᾶς.
500 1114 665 1190 ΐσκοπῶν
683 1106 754 1210 γάρ
773 1107 815 1185 οῦ
833 1102 876 1185 τὸ
893 1106 1019 1183 ἑαυτοῦ
1037 1099 1236 1206 συμφέρον,
1250 1094 1351 1176 ἀλλά
1371 1093 1440 1180 ris

365 1249 438 1325 τῶν
454 1248 607 1324 πολλῶν
624 1241 682 1320 ἵνα
699 1246 884 1336 σωθῶσιν,
903 1234 1178 1338 ἀναγκαιότερον
1201 1237 1265 1331 τῆς
1288 1232 1415 1312 ἑαυτοῦ

367 1379 604 1462 ἀναπαύσεως
620 1375 786 1479 ἡγήσατο
804 1374 847 1455 τδ
859 1373 1074 1477 παραμένειν
1086 1378 1161 1454 τοῖς
1173 1372 1343 1473 ἀδελφοῖς
1356 1366 1415 1444 καὶ

367 1518 614 1615 ἐπιμελεῖσθαι
626 1513 754 1592 αὐτῶν·
773 1509 833 1592 1’ῦς
844 1511 902 1589 καὶ
914 1505 978 1589 τὸν
991 1504 1207 1586 διδάσκοντα
1218 1499 1318 1583 θέλει
1328 1496 1415 1580 εἶναι

365 1655 404 1731 ἐν
423 1656 468 1755 τῇ
485 1649 712 1752 διδασκαλίᾳ,
728 1644 842 1726 τύπον
860 1640 1046 1744 γινόμενον
1063 1646 1137 1720 τῶν
1150 1643 1304 1719 πιστῶν.
1334 1634 1416 1714 ὅθεν

367 1791 400 1866 oi
418 1788 456 1864 ἐν
473 1789 518 1886 τῇ
537 1787 655 1882 εἱρκτῇ
676 1775 950 1880 ἐπιδικαζὸμευοι
975 1779 1039 1872 τῆς
1065 1773 1295 1876 λειτουργίας,
1314 1773 1416 1850 εἰιπε-
1428 1808 1465 1848 ιο

367 1914 620 2011 πτωκότες,καῖ
631 1912 953 2005 ἀναπαλαίσαντες,
960 1906 1328 2006 πάνυάναισθητοῦσι.
1339 1909 1417 1987 πῶς

368 2049 440 2152 γάρ
458 2053 619 2128 αἰτοῦσιν
647 2045 667 2125 ἀ
692 2046 921 2152 κατέλειφαν,
943 2041 1129 2138 δυνάμενοι
1150 2047 1223 2123 τοῖς
1246 2043 1418 2143 ἀδελφοῖς

369 2184 560 2287 εῦχρηστοι
574 2178 661 2261 εἶναι
674 2183 711 2260 ἐν
725 2184 836 2286 καιρῲ
854 2177 1002 2285 τοιούτῳ
1015 2211 1026 2270 ;
1056 2179 1120 2260 ἕως
1132 2175 1198 2274 μὲν
1210 2175 1273 2255 οῦν
1291 2174 1415 2252 ἀπται-

369 2349 453 2395 στοι
471 2315 577 2415 ἦσαν,
593 2312 815 2414 συγγνώμην
833 2308 930 2415 εἶχον
947 2314 1004 2391 ε’πῖ
1022 2317 1067 2415 τῇ
1085 2305 1283 2415 παραλόγῳ
1303 2309 1419 2387 αῦτῶν

369 2448 508 2556 πράξει.
540 2447 598 2528 ὅτε
618 2445 655 2527 δὲ
673 2446 849 2527 ἔπταισαν
874 2446 923 2528 ῶς
946 2442 992 2522 ἀν
1012 2439 1336 2545 περπερευσάμευοι
1360 2442 1466 2535 caiis

370 2584 513 2670 ἑαυτοὺς
524 2583 790 2685 μωμησάμενοι,
805 2581 919 2661 οῦκέτι
934 2579 1101 2659 δύνανται
1113 2583 1342 2680 λειτουργεῖν·
1365 2573 1419 2655 διδ

370 2716 659 2826 φροντιζετωσαν
678 2722 822 2815 μᾶλλον
841 2715 879 2792 ἐν
895 2712 1207 2818 ταπεινοφροσύνῃ
1224 2718 1301 2795 πῶς
1319 2713 1417 2789 ἐκτε-

372 2950 554 3008 decorurint:
579 2947 657 3024 qnod
679 2946 779 3004 nullus
800 2945 870 3003 fecit
921 2966 959 3003 nu
981 2946 1116 3024 exemplo
1144 2945 1288 3004 fidelibus.
1333 2945 1420 3003 Unde

372 3049 408 3087 ex
436 3026 598 3107 Apostolis.
660 3026 775 3083 Etenim
804 3045 870 3082 cum
921 3028 1016 3103 quiin
1032 3046 1146 3085 carcere
1160 3025 1352 3094 decertantes,
1365 3026 1419 3082 mi.

372 3108 478 3166 multos
501 3107 719 3185 persecutiones
742 3104 870 3171 obiisset,
924 3106 1044 3164 nisterio
1078 3105 1260 3171 exciderunt,
1288 3105 1469 3183 quumvisco

374 3199 404 3246 et
426 3186 520 3244 multu
541 3186 730 3244 certaminum
756 3185 874 3263 pncmin
924 3205 1050 3263 pugnam
1070 3185 1304 3262 redintegmrint,
1319 3204 1420 3243 sensus

372 3265 547 3327 ostendisset
581 3266 684 3323 beatus
711 3266 738 3321 A
759 3264 872 3322 ostolus
924 3264 1010 3343 plone
1018 3275 1087 3323 sunt
1097 3276 1240 3343 expertes.
1263 3263 1420 3335 Quomodo

373 3344 490 3411 Paulus,
506 3345 600 3403 sciens
615 3364 676 3404 esse
691 3285 796 3403 meiius
810 3343 872 3401 dis.
922 3345 999 3402 enim
1010 3345 1039 3403 id
1049 3355 1155 3423 petunt
1165 3343 1244 3421 qnod
1253 3354 1357 3421 sponte
1368 3343 1419 3401 de·

373 3425 454 3491 solvi,
470 3434 496 3483 ct
511 3445 572 3483 esse
591 3445 653 3482 cum
671 3424 804 3490 Christo,·
826 3424 871 3481 in·
922 3435 1206 3489 serueruot,cumeo
1217 3434 1421 3501 temporcesse

374 3506 442 3574 fert,
457 3516 487 3562 et
502 3504 593 3562 dicit:
617 3504 655 3562 Ιιι
671 3524 758 3562 corne
779 3512 873 3561 nutem
922 3515 1041 3580 possent
1062 3504 1202 3561 frutribus
1223 3504 1284 3561 suis
1307 3502 1419 3560 utiles?
1432 3504 1467 3562 ²5

370 3604 540 3661 permanere
561 3584 656 3661 magis
681 3583 872 3642 necessarium
923 3582 1073 3653 Quamdiu
1087 3584 1186 3659 itaque
1199 3583 1273 3640 firmi
1288 3582 1420 3640 stabiles-

370 3672 489 3741 propter
504 3683 561 3722 vos.
585 3662 780 3721 considerans
795 3662 871 3721 enim
922 3681 980 3739 que
1001 3673 1179 3727 manserunt,
1204 3662 1350 3721 temerarii
1374 3662 1419 3719 sui

373 3762 430 3799 non
445 3760 537 3811 suam,
550 3741 600 3800 sed
616 3742 774 3800 multorum
791 3742 871 3799 utili·
923 3742 1154 3800 sususeisvenis
1165 3741 1295 3800 dabutur.
1318 3742 1420 3813 Quon-

375 3833 463 3879 tatem
485 3822 585 3899 magis,
608 3833 642 3879 nt
663 3820 734 3879 salvi
759 3822 872 3889 fierent,
923 3820 962 3879 do
985 3832 1082 3879 sutem
1110 3820 1183 3899 lapsi
1207 3837 1286 3886 sunt,
1309 3832 1343 3879 ut
1370 3821 1421 3897 qui

373 3902 576 3967 necessarium,
592 3902 780 3967 existimavit,
795 3900 873 3979 apud
924 3902 1014 3959 stulte
1027 3902 1150 3979 egerint,
1166 3911 1197 3959 et
1211 3901 1322 3979 scipsos
1336 3900 1420 3959 dede·
1431 3907 1469 3964 30

375 3980 478 4037 fratres
501 4000 627 4045 manere,
649 3992 800 4038 eteorum
822 4000 872 4039 cu·
924 3981 1059 4046 coierint,
1074 4000 1132 4038 non
1154 3991 1277 4058 possunt
1297 3979 1422 4058 amplius

374 4079 434 4115 ram
460 4079 583 4136 genere:
616 4060 666 4137 qui
692 4060 780 4118 ctiam
810 4060 874 4118 vult
924 4080 1004 4118 sacro
1017 4060 1288 4125 ministeriuobire;
1311 4058 1421 4117 etideo

376 4158 452 4206 eum,
468 4138 517 4215 qui
534 4137 628 4205 docet,
644 4140 749 4198 esseio
765 4139 872 4198 doctri·
925 4140 1016 4217 magis
1033 4158 1130 4197 curum
1148 4150 1260 4216 gerant,
1276 4138 1422 4216 quomodo

409 4324 419 4351 ι
438 4311 502 4360 Phil.
515 4312 530 4358 i.
545 4325 582 4370 23,
596 4327 634 4372 24.
726 4315 735 4351 ῑ
752 4314 826 4363 tCor.
840 4330 864 4363 x.
880 4329 918 4375 33.
995 4324 1008 4350 ὓ
1022 4314 1092 4361 Rom.
1104 4314 1146 4360 xii.
1158 4326 1189 4374 γι
1210 4329 1216 4360 ι
1232 4312 1296 4361 Tim.
1308 4314 1340 4360 iv.
1353 4327 1389 4361 ιι.
