3242 5150
531 404 593 467 IN.
618 404 651 468 S.
673 404 911 469 PHILEAM.
1182 407 1245 479 109

197 575 338 656 σηθείσης
350 571 445 654 λύμης
465 577 516 653 τῆς
537 577 716 653 κακοδοξίας.
740 573 935 656 δδέἈρειος
954 575 989 639 ού
1006 575 1065 654 μὴν
1084 574 1244 656 ἠρνήσατο,

196 676 341 741 ἀλλὰκαὶ
359 679 435 755 μετὰ
457 675 649 757 τετριμμένου
669 677 831 757 προσοίπου
845 677 885 742 ὣς
905 675 997 759 εἶχεν,
1018 680 1109 743 οὕτως
1128 677 1247 759 δπεκρί-

196 803 278 855 υατο,
295 779 344 842 καί
359 775 441 855 ἐξεοῖ
452 779 509 857 μέν
522 775 723 859 Ἀλέξανδρος
737 776 829 842 αύτδν
848 781 898 856 τῆς
918 779 1089 858 ἐκκλησίας.
1113 778 1246 857 ἐξεοῦται

196 881 229 943 δέ
251 879 312 958 δμα
333 880 412 964 αύτῷ
434 883 548 958 πλῆθος
569 879 659 956 πολὺ,
672 882 702 942 οἱ
723 877 773 944 ἐπ’
797 879 886 943 αὐτοῦ
908 879 1115 962 κεχραρμένοι,
1135 886 1245 962 παρθε·

196 986 358 1058 νευουσῶν,
373 981 421 1044 καὶ
439 980 544 1044 ίίλλων
559 984 713 1060 κληρικᾶν.
727 1000 759 1063 p.
771 980 845 1060 716.
860 979 910 1044 ed.
927 979 1063 1044 Patavii.

239 1081 315 1146 Ηιιο
329 1103 429 1166 usque
449 1079 627 1146 Meletiann
644 1081 730 1165 apud
751 1081 967 1167 Epiphaniam
986 1089 1123 1148 servata
1169 1084 1244 1165 Qui·

195 1183 255 1248 bus
278 1204 448 1269 ορροιιαιιι,
473 1203 543 1267 quae
565 1182 605 1247 de
627 1181 772 1256 Montio,
792 1205 848 1247 seu
870 1182 1009 1260 Malitio,
1033 1183 1242 1262 Athanasius,

195 1291 229 1350 et
248 1285 397 1370 deinoaps
417 1283 561 1349 historiai
582 1285 732 1349 Socrates
753 1292 788 1350 et
809 1284 1013 1362 Sozomenun,
1037 1286 1241 1372 soripwrint;

195 1387 249 1472 qui
271 1388 398 1474 quidem
419 1395 577 1463 auotorea
593 1385 730 1450 maxima
747 1386 811 1451 duo
833 1387 965 1471 prienes,
983 1387 1080 1472 juxta
1100 1410 1139 1453 αο
1160 1389 1244 1476 frag·

194 1497 304 1556 menta
325 1489 498 1567 Manem,
521 1488 694 1574 sanctique
716 1488 807 1553 Petri
829 1487 984 1566 (iunones,
1004 1509 1076 1554 oum
1101 1488 1244 1577 Epipha-

194 1591 298 1657 nianis
311 1589 393 1656 mala
406 1591 606 1656 conveniunt.
650 1590 710 1656 Ait
724 1590 823 1676 igitur
837 1589 1036 1656 Athanasius
1050 1591 1083 1654 in
1092 1593 1244 1680 Αροίορία

194 1702 299 1756 eontra
319 1693 457 1756 Αιίαποι
469 1712 555 1756 num.
570 1711 623 1774 59.
635 1712 709 1777 pag.
729 1707 798 1775 177.
814 1693 865 1756 ad.
883 1690 1104 1758 Montfauaon.
1126 1694 1244 1777 Πέτρος

194 1793 262 1876 παρ’
284 1796 354 1874 ἡμῖν
375 1794 432 1876 πρὸ
454 1796 511 1875 μέν
532 1798 585 1857 τοῦ
606 1798 734 1875 διωγμοῦ
755 1793 884 1876 γέγονεν
906 1796 1078 1874 ἐπίσκοπος,
1094 1798 1130 1861 ἐν
1148 1801 1182 1862 δέ
1200 1802 1241 1884 τῷ

194 1900 310 1982 διωγμῷ
326 1898 374 1961 καὶ
389 1893 601 1978 ἐμαρτύρησεν.
623 1893 709 1962 οὗτος
725 1899 872 1961 Μελίτιον
887 1896 946 1960 ᾶπδ
960 1900 1012 1975 τῆς
1025 1895 1177 1980 Αἰγύπτου
1190 1907 1242 1964 λε-

194 2001 323 2079 γόμενον
344 1999 519 2076 ἐπίσκοπον,
542 1997 591 2063 ἐπὶ
612 2003 742 2064 πολλοῖς
763 1998 950 2083 ἐλεγχθέντα
971 2001 1168 2080 παρανομίαις
1194 2003 1242 2066 καὶ

193 2100 282 2182 θυσίη
295 2099 330 2162 ἐν
345 2100 426 2184 κοινῇ
442 2099 558 2182 συνόδηι
572 2102 631 2161 τῶν
646 2099 817 2163 ἐπισκόπων
831 2104 980 2164 καθεῖλεν.
1001 2101 1084 2164 ᾶλλᾶ
1100 2104 1242 2172 Μελίτιος

193 2200 228 2264 ού
243 2199 315 2281 πρὸς
335 2199 441 2280 έτέραν
455 2195 583 2263 σύνοδον
599 2197 776 2281 κατέφυγεν,
794 2201 863 2264 ούδέ
883 2198 1072 2266 ἐσπούδασεν
1091 2203 1241 2287 δπολσγή-

192 2306 305 2365 σαοθαι
316 2307 376 2367 τοῖς
383 2304 460 2381 μετὰ
469 2304 573 2377 ταῦτα,
583 2301 699 2383 σχίσμα
708 2302 741 2364 δέ
752 2303 905 2382 πεποίηκε,
917 2303 1041 2368 καλόντί
1052 2309 1241 2384 Χριστιανῶν

193 2405 372 2468 Μελιτιανοί
384 2403 473 2486 μέχρι
487 2406 540 2467 νῦν
559 2403 589 2466 οί
608 2405 659 2480 τῆς
674 2403 789 2466 ἐκείνου
803 2406 920 2484 μερίδος
934 2405 1139 2484 δωρίζοντα,
1156 2407 1241 2476 εύθύς

192 2529 225 2570 τε
239 2505 307 2573 τοὺς
322 2506 499 2573 ἐπισκόπους
512 2508 661 2585 λοιδορεῖν
675 2503 792 2586 ἤρξατο,
809 2504 857 2568 καί
875 2510 991 2586 πρᾶτον
1005 2506 1096 2571 αὐτὸν
1111 2507 1238 2590 Πέτρον,

193 2609 241 2673 καὶ
255 2610 309 2673 τὸν
321 2607 384 2688 μετ’
400 2608 490 2673 αύτὸν
503 2606 655 2690 Ἀχιλλᾶν
669 2606 804 2686 διέβαλε,
817 2606 867 2672 καί
879 2611 954 2687 μετὰ
967 2607 1119 2692 Ἀχιλλᾶν
1130 2608 1236 2690 Ἀλέξ-

192 2716 312 2793 ανδρον.
356 2709 528 2775 Athanasii
556 2709 620 2773 ista
649 2716 775 2773 secutus
804 2709 838 2773 in
866 2706 949 2773 hune
974 2710 1104 2775 modum
1128 2711 1239 2777 scribit

192 2812 342 2878 Socratas
356 2812 410 2877 lib.
421 2811 442 2876 i.
457 2811 541 2875 Hac.
556 2832 626 2896 ουρ.
639 2813 670 2874 6.
685 2810 745 2874 snb
759 2808 815 2873 fin.
849 2812 1107 2895 Συνανεμίγνυντο
1126 2816 1160 2877 δέ
1177 2819 1239 2881 τοῖς

191 2913 408 2997 Ἀρειανίξουσι
430 2914 618 2991 Μελιτιαυοί,
642 2915 672 2977 οί
690 2912 795 2994 μικρὸν
816 2913 985 2994 ἔμπροσθεν
1007 2918 1058 2994 τῆς
1079 2916 1239 2995 ἐκκλησίας

191 3016 398 3102 χωρισθέντες.
429 3019 509 3084 τίνες
529 3014 563 3078 δέ
588 3016 665 3079 είσιν
687 3014 778 3089 οὗτοι,
801 3016 934 3080 λεκτέον·
958 3017 1016 3080 ὑπὸ
1042 3016 1161 3099 Πέτρου
1186 3023 1238 3081 τοῦ

191 3120 355 3184 ἐπισκόπου
367 3114 607 3199 Ἀλεξανδρείας,
623 3120 677 3181 τού
689 3118 739 3181 ἐπί
754 3122 972 3196 Διοκλητιανσῦ
987 3118 1238 3200 μαρτυρήσαντος,

191 3222 337 3289 Μελίτιός
350 3245 393 3288 τις
405 3224 474 3301 μιᾶς
488 3225 547 3285 τᾶν
562 3222 596 3285 ἐν
612 3221 749 3305 Αίγύπτρ
763 3221 884 3283 πόλεων
904 3220 1066 3287 ἐπίσκοπος
1081 3220 1236 3303 καθῃρέθη,

191 3323 227 3389 δι’
242 3326 340 3391 δλλας
353 3348 387 3387 τε
401 3326 519 3389 πολλᾶς
534 3324 637 3397 οέτίας,
654 3323 703 3385 καὶ
715 3320 848 3401 μάλιστα
862 3321 909 3386 ὅτι
923 3324 958 3387 ἐν
967 3323 1008 3407 τῷ
1020 3327 1138 3408 διωγμῷ
1150 3324 1235 3405 όρνη

191 3426 320 3506 σόμενος
340 3424 395 3504 τὴν
415 3426 527 3501 πέοτιν,
551 3423 706 3488 ἐπέθυσεν.
728 3420 815 3491 οὗτος
836 3424 1028 3504 καθαιρεθείς,
1051 3426 1183 3491 πολλούς
1203 3450 1237 3488 τε

190 3528 326 3611 ἐσχηκδς
346 3526 414 3593 τοὺς
433 3524 596 3604 ἑπομένους
616 3523 704 3609 αύτῷ,
725 3521 916 3605 αίρεσιόρχης
939 3521 1067 3601 κατέστη
1090 3527 1149 3585 τῷν
1168 3523 1238 3605 δχρι

190 3633 244 3695 νῦν
258 3630 291 3708 ἐξ
305 3628 395 3693 αύτοῢ
409 3629 483 3691 κατὰ
497 3625 552 3705 τὴν
566 3628 717 3707 Αίγυπτον
732 3629 924 3688 Μελιτιανᾶυ
941 3623 1142 3703 καλουμένων.
1165 3625 1238 3688 ἀπο·

189 3732 299 3813 λογίαν
323 3754 357 3793 τε
380 3729 520 3807 ούδεμίαν
542 3728 669 3809 εύλογον
693 3725 773 3809 έχων
790 3731 843 3789 τοῦ
863 3725 1042 3808 κεχωρίσθαι
1063 3727 1114 3804 τῆς
1133 3726 1238 3803 ἐκκλη-

189 3835 267 3906 σίας,
291 3832 448 3912 ἦδικῆσθοι
468 3832 525 3910 μὲν
547 3830 655 3911 ἐλεγεν
677 3829 784 3892 ἐαυτὸν
805 3830 917 3905 δπλᾶς,
938 3828 1111 3910 ἐκακηγόρει
1132 3828 1165 3891 δέ
1188 3827 1237 3890 καλ

189 3936 334 4016 ἐλοιδόρει
348 3935 401 3998 τδν
422 3932 550 4015 Πέτρον.
575 3932 657 3995 δλλδ
672 3929 787 4012 Πέτρος
800 3932 857 4009 μέν
877 3930 912 3993 ἐν
932 3933 972 4014 τῷ
993 3932 1110 4014 διωγμῷ
1129 3954 1236 4011 μαρτυ-

186 4037 292 4118 ρήσας,
308 4038 514 4115 ἐτελεύτησεν.
535 4037 552 4099 θ
568 4037 601 4099 δέ
614 4032 774 4116 μεταφέρει
787 4036 841 4097 τὰς
854 4033 1005 4112 λοιδορίας
1016 4032 1065 4094 ἐπὶ
1074 4029 1236 4114 Ἀχιλλᾶν,

188 4138 309 4219 δςμετδ
324 4137 442 4219 Πέτρον
461 4139 623 4205 ἐπίσκοπος
641 4134 687 4214 ἦν,
705 4135 752 4199 καί
767 4135 850 4201 αὖθις
865 4134 914 4198 ἐπί
927 4135 982 4198 τδυ
998 4137 1073 4214 μετδ
1085 4132 1237 4217 Ἀχιλλᾶν

187 4236 390 4322 γεγενημένον
412 4237 624 4320 Ἀλέξανδρον.
656 4240 689 4302 έν
714 4239 829 4305 τούτοις
853 4238 886 4300 δέ
913 4236 1106 4300 καθεστιότων
1128 4234 1235 4307 αύτᾶν,

188 4342 352 4423 ἐπιγίνεται
372 4340 407 4405 τδ
429 4344 504 4405 κατὰ
522 4339 645 4422 Ἀρειον
667 4338 786 4421 ζήτημα·
810 4339 859 4403 καί
880 4340 898 4401 δ
922 4339 1066 4406 Μελίτιος
1090 4336 1151 4416 δρα
1173 4340 1237 4402 τοῖς
