3242 5150
363 345 428 424 822
550 357 708 424 GESTA
732 359 865 424 APUD
889 359 1224 425 ZENOPHILUM.

363 530 417 595 sit.
463 528 709 593 *Nundinnrius
730 528 882 594 diaconus
904 529 1005 594 dixit:
1029 529 1129 608 †Scit
1149 529 1227 615 ipse,
1250 551 1326 595 uum
1348 537 1416 596 tre·

363 639 447 706 didit
460 637 595 704 codices.
640 638 752 703 Victor
765 639 931 724 respondit
945 663 953 702 :
977 640 1137 727 Fugerem
1152 641 1263 720 ,thano
1277 656 1415 728 tempes-

363 756 467 816 tatem
476 773 486 826 ;
507 755 551 826 et,
567 747 595 812 si
610 748 758 825 mentior,
772 769 911 834 perenm.
956 748 1037 814 cum
1052 749 1214 814 incursum
1234 757 1417 836 poteremur

363 859 539 946 repentinus
564 860 802 945 persecutionis,
827 860 997 946 fugivimus
1025 861 1059 925 iu
1087 868 1229 932 montem
1257 861 1415 926 Bellouoe:

365 970 438 1057 Ego
460 970 611 1035 sedebem
631 991 704 1036 oum
726 965 840 1036 Marte
864 965 1019 1049 diacono:
1043 977 1077 1036 et
1100 970 1216 1036 Victor
1240 971 1415 1057 presbyter,

363 1103 436 1147 cum
457 1081 625 1146 abeodem
639 1080 750 1146 Morte
772 1087 992 1166 quaererentur
1012 1102 1121 1146 omnes
1138 1081 1273 1158 codices,
1288 1081 1417 1166 negavit

362 1210 397 1256 se
418 1191 554 1257 bebere:
577 1189 667 1256 Tunc
683 1189 795 1256 Victor
817 1191 906 1256 dedit
928 1191 1057 1256 nomine
1079 1191 1220 1256 omnium
1242 1192 1414 1256 lectorum:

365 1302 508 1366 Ventum
520 1307 571 1366 est
581 1294 625 1366 ed
635 1301 764 1365 domum
774 1322 897 1366 meum:
913 1301 993 1368 oum
1003 1301 1119 1366 ubsens
1130 1323 1241 1380 essem,
1251 1323 1417 1367 ascensum

363 1419 414 1477 est
428 1434 449 1477 u
468 1410 720 1498 magistrutibus,
735 1416 768 1476 et
789 1410 906 1476 sublnti
922 1418 998 1476 sunt
1013 1408 1137 1476 codices
1157 1411 1236 1475 mei:
1262 1410 1343 1477 (lum
1357 1431 1417 1496 ego

363 1523 530 1601 venissem,
555 1522 659 1587 iuveni
683 1519 807 1586 codices
831 1520 984 1586 sublatos.
1029 1519 1246 1585 Nundinerius
1265 1521 1417 1586 diaconus

364 1634 465 1700 dixit:
499 1635 555 1698 ‘l'u
579 1655 657 1719 ergo
685 1631 877 1718 respondisti
902 1632 989 1718 upud
1014 1637 1098 1708 sete,
1125 1631 1275 1717 quonium
1301 1631 1416 1698 dedisti

364 1743 498 1809 oodioes.
535 1742 642 1824 Quum
663 1748 823 1827 negantur
844 1741 911 1806 baeo
931 1763 1003 1826 quse
1024 1741 1116 1827 prodi
1138 1743 1292 1828 possunt?
1313 1743 1416 1808 Zeno·

364 1854 470 1941 philus
485 1855 524 1921 V.
535 1853 572 1919 Ο.
588 1851 763 1917 consuleris
778 1849 904 1916 Victori
919 1850 1021 1916 dixit:
1044 1850 1237 1936 Simpliciter
1255 1851 1416 1928 confitere,

364 1985 407 2028 ue
419 1961 563 2027 strictius
577 1960 792 2045 interrogeris.
830 1959 1047 2025 Nundinurius
1061 1961 1212 2026 diaconus
1226 1961 1329 2026 dixit:
1358 1961 1417 2026 Le·

364 2083 484 2158 guntur
496 2078 581 2136 nete.
625 2068 819 2154 Zenopbilus
834 2068 877 2133 V.
887 2070 922 2135 0.
939 2071 1112 2136 consularis
1126 2071 1227 2136 dixit:
1244 2070 1417 2158 [reguntur.

364 2178 412 2246 Et
426 2179 516 2244 dedit
531 2178 758 2257 Nundinurius,
774 2185 808 2245 et
823 2187 977 2266 exceptor
990 2180 1145 2246 recitavit.
1182 2188 1203 2220 “
1216 2181 1417 2247 Diocletiano

365 2299 387 2329 “
403 2313 468 2356 vur.
481 2298 514 2356 et
525 2288 725 2355 Maximiano
736 2312 791 2356 vu.
809 2289 972 2355 Consulib.
984 2313 1050 2356 xrv.
1068 2291 1232 2356 Kalendas
1242 2290 1266 2356 J
1267 2291 1367 2368 unios,
1378 2313 1418 2355 ex

367 2407 388 2440 “
402 2398 485 2464 netis
501 2398 640 2464 Munatii
656 2395 777 2481 Felicis]
789 2399 926 2464 fluminis
946 2400 1091 2486 perpetui
1109 2400 1267 2466 curatoris
1286 2400 1418 2465 coloniae

367 2516 388 2550 “
403 2508 605 2575 Cirtensium.
643 2508 723 2574 (lum
738 2515 868 2576 ventum
882 2518 967 2576 esset
981 2511 1024 2575 ud
1039 2511 1167 2576 domum
1182 2510 1214 2575 in
1229 2531 1293 2595 qus
1307 2509 1415 2575 chris·

367 2630 387 2660 “
397 2621 477 2687 tiuni
491 2620 730 2695 conveniebant,
738 2620 832 2686 Felix
843 2620 958 2686 flamen
970 2629 1143 2708 perpetuus
1157 2631 1307 2687 aeurutor
1316 2621 1418 2686 Paulo

366 2740 386 2770 ‘⁴
401 2730 548 2817 episeopo
562 2730 662 2796 dixit:
686 2730 833 2796 Proiecte
849 2730 1031 2816 Scripturas
1045 2730 1135 2816 legis,
1150 2738 1185 2795 et
1200 2730 1314 2815 siquid
1330 2730 1419 2795 uliud

366 2847 389 2881 “
404 2841 456 2906 bic
469 2840 606 2919 bebetis,
621 2848 659 2906 ut
672 2847 723 2906 est
736 2849 941 2927 praeceptum,
955 2853 993 2906 ut
1003 2840 1138 2927 jussioni
1153 2862 1265 2926 perere
1279 2840 1418 2926 possitis.

367 2961 388 2989 ‘⁶
404 2948 525 3014 Paulus
546 2949 712 3035 episcopus
734 2949 834 3015 dixit:
857 2950 1040 3037 Scripturas
1059 2952 1194 3017 lectores
1214 2950 1346 3029 hubent,
1362 2950 1419 3015 sed

368 3067 388 3096 “
402 3080 461 3123 uos
475 3058 559 3144 quod
577 3058 628 3122 bie
647 3058 811 3136 hebemus,
827 3060 948 3124 demus.
995 3060 1086 3125 Felix
1107 3060 1224 3125 flamen
1246 3067 1419 3147 perpetuus

366 3177 387 3208 “
398 3176 529 3234 curator
540 3166 642 3232 Paulo
657 3167 808 3253 episcopo
823 3167 924 3233 dixit:
940 3170 1085 3235 Ostende
1099 3170 1244 3245 lectores,
1256 3178 1315 3236 sut
1324 3170 1418 3236 mitte

366 3284 388 3317 “
402 3277 446 3342 nd
471 3276 551 3341 illos.
596 3276 717 3342 Paulus
741 3277 907 3363 episcopus
933 3279 1035 3344 dixit:
1074 3280 1192 3346 Omnes
1217 3280 1418 3366 cognoscitis.

366 3386 495 3451 “Felix
519 3384 635 3451 llunren
659 3396 832 3474 perpetuus
854 3395 983 3454 curator
1005 3389 1185 3474 reipublieae
1211 3388 1314 3453 dixit:
1344 3389 1418 3453 Non

366 3504 389 3537 ‘⁴
404 3518 460 3562 eos
474 3496 628 3562 novimus.
661 3497 781 3561 Paulus
795 3497 1076 3584 episcopusdixit:
1093 3498 1190 3563 Novit
1205 3520 1260 3562 eos
1272 3498 1418 3564 Officium

368 3617 390 3648 “
405 3610 576 3695 publicum,
599 3608 633 3674 id
653 3616 714 3687 est,
730 3610 872 3674 Edusius
893 3618 927 3675 et
948 3609 972 3673 J
974 3610 1066 3674 unius
1087 3619 1281 3695 exceptores.
1327 3610 1418 3675 Felix

370 3727 390 3756 ·‘
403 3718 519 3784 flumen
534 3728 705 3805 perpetuus
719 3728 851 3784 curator
870 3720 1049 3805 reipublicae
1069 3718 1170 3783 dixit:
1199 3718 1354 3785 Memento
1368 3739 1418 3783 rs-

401 3850 417 3880 *
428 3846 527 3912 (limita
546 3848 583 3895 ilii
600 3854 668 3908 peste
683 3848 752 3910 apud
771 3848 932 3911 hnopbilruu
947 3847 1161 3908 romuleumsibi
1175 3846 1350 3895 Nundincvius
1365 3847 1419 3909 prsi-

367 3931 423 3978 dnrs
438 3930 554 3977 diaoenus
568 3928 647 3976 iratus
664 3929 770 3989 Sglruno
786 3930 850 3991 praed
860 3930 889 3976 ut
906 3944 933 3977 eo
944 3930 1025 3989 suevit
1040 3928 1264 3987 excommunicatus,
1274 3927 1324 3975 lios
1339 3929 1419 3975 omniu

365 4011 459 4071 justus
472 4010 588 4073 prodidit,
598 4024 653 4072 ραι
665 4010 736 4057 mrsu
748 4012 893 4059 moment:
903 4016 926 4059 et
941 4010 1132 4072 responsionibm
1143 4010 1237 4057 testium
1248 4013 1272 4057 et
1281 4010 1420 4057 :musmo

367 4098 487 4153 purorum
500 4098 524 4140 et
540 4092 671 4139 multum
681 4092 834 4153 epistolarum
849 4092 902 4139 lues
918 4090 1008 4139 olemus
1024 4083 1211 4138 comtituuntuv.
1228 4088 1254 4137 S.
1263 4088 1420 4153 Augustinus

369 4174 448 4235 spu:
457 4184 541 4221 cxxv.
551 4186 688 4221 nuncurn.
700 4174 722 4231 ς.
732 4189 755 4233 4
767 4185 851 4235 pm.
866 4170 937 4219 'l'orni
948 4171 1045 4220 lledit.
1055 4170 1131 4219 Pruis.
1149 4169 1419 4233 Opmmdugurtinl.)

406 4250 504 4318 tisor-
517 4252 574 4312 se:
585 4252 636 4315 tp„
645 4254 739 4302 enims
751 4254 799 4300 vu.
813 4252 899 4315 snus)
1030 4252 1120 4313 uso.
1132 4252 1178 4299 uae
1189 4250 1352 4313 mperes)

600 4366 614 4395 ⁸
622 4356 686 4419 (for.
698 4357 806 4406 mendo
818 4357 856 4405 bic
866 4364 889 4406 et
900 4358 969 4419 iufra
980 4372 1025 4405 vor
1036 4355 1191 4419 reipublice.)
