3242 5150
310 421 362 484 IN
387 419 640 483 ANCYRANI
664 419 882 482 CONCILII
908 420 1136 484 CANONES.
1183 420 1243 482 181

201 593 379 669 Pedalium,
402 591 466 654 sive
491 593 657 655 Cauonum
683 590 907 654 Golleotionem
930 613 1094 676 nuperum,
1119 590 1247 675 dequo

201 717 299 781 supra
320 695 361 758 ad
380 694 412 758 S.
425 693 569 777 Dionysii
587 693 760 776 spistolum
777 693 961 756 Oaaoaioam
975 716 1006 777 p.
1024 711 1096 776 234.
1117 692 1248 778 perinde

200 822 240 864 aa
261 800 414 862 Venetam
438 796 585 872 alteram,
610 796 651 858 de
674 817 737 881 qua
760 796 876 859 ibidem
896 818 927 880 p.
941 814 1013 880 239.
1059 797 1141 859 Haeo
1163 795 1248 860 inter

201 921 278 963 usus
301 919 426 982 quoque
448 917 518 959 sum
538 897 610 960 Gul.
627 896 751 980 Lloydii
771 897 909 983 episcopi
928 898 1003 961 olim
1028 898 1247 983 Vigor-niensis

201 1000 310 1064 oodiee
327 999 435 1076 nisio,
453 997 543 1081 eujus
557 997 744 1062 varietatem
764 1019 784 1061 a
803 1005 896 1062 textu
911 997 1125 1061 Consiliorum
1146 999 1249 1084 Aney-

201 1101 272 1164 rani
293 1109 327 1165 et
346 1100 608 1165 Neooaesariensis
624 1099 838 1184 Beveregiano
855 1100 887 1162 in
908 1107 996 1165 tomo
1011 1108 1127 1184 quarto
1145 1100 1249 1164 inveni

202 1203 355 1267 Amodata
369 1205 467 1267 Groee.
477 1226 497 1267 a
508 1202 752 1268 J0.Oh.W01fi0
763 1202 961 1287 Hamburgae
971 1203 1034 1267 An.
1045 1220 1135 1284 1724.
1148 1203 1249 1287 publi-

202 1315 357 1372 catorum.
394 1305 544 1369 Ceterum
561 1311 706 1369 notatum
719 1326 739 1367 a
750 1304 869 1367 lectore
883 1304 943 1366 boo
954 1303 1057 1374 velim,
1070 1304 1249 1388 ubieunque

202 1411 236 1472 in
250 1409 300 1472 bis
314 1417 347 1473 et
362 1409 567 1494 sequentibus
581 1406 754 1471 canonibus
769 1406 927 1469 diversum
943 1406 1018 1490 quid
1034 1407 1075 1470 ab
1089 1406 1250 1471 Harduini

206 1510 408 1574 Oenoils'orrnn
434 1511 572 1574 editione
596 1511 729 1573 haberet
752 1509 799 1572 vel
826 1508 1024 1593 Beveregius,
1052 1508 1100 1572 vel
1126 1509 1250 1573 codices

205 1613 315 1698 seripti
332 1612 507 1688 Bodleiani‚
524 1614 608 1696 quod
629 1612 839 1697 probandum,
862 1620 894 1673 et
912 1609 944 1672 in
965 1616 1091 1674 textum
1110 1610 1249 1696 recipere

207 1713 284 1776 mihi
315 1714 414 1776 visum
444 1713 550 1788 suerit,
578 1714 610 1776 id
642 1713 751 1776 sedulo
781 1735 801 1776 a
827 1735 877 1775 me
902 1712 1062 1796 signatum
1088 1712 1185 1776 fuisse
1210 1734 1249 1776 ao

203 1815 395 1880 testimoniis
410 1815 475 1879 suis
489 1815 658 1880 firmatum.

250 1919 287 1981 P.
308 1937 377 2002 113.
393 1916 412 1981 l.
431 1939 460 2002 9.
475 1917 548 1996 μήτε
565 1922 596 1980 ἐκ
610 1921 737 1997 μεθόδου
752 1917 846 2002 τινος]
871 1918 945 1980 Hoc
959 1919 1000 1981 de
1015 1917 1075 1981 iliis
1096 1917 1250 2001 interpre-

204 2028 317 2084 tantur
337 2020 480 2083 Zonaras
504 2019 715 2104 Balsamoque
732 2020 764 2082 in
783 2020 913 2083 Sabaitis
932 2041 987 2083 seu
1012 2021 1251 2096 Conmentariis,

204 2123 270 2207 qui,
297 2130 334 2187 ut
359 2123 494 2186 Zonarae
520 2123 624 2186 verbis
649 2131 734 2198 utar,
760 2122 944 2206 priusquam
970 2123 1068 2186 etiam
1090 2130 1251 2187 tormenta

203 2223 282 2308 ipsis
312 2224 566 2300 admoverentur,
594 2224 725 2288 emolliti
755 2225 870 2288 dedero
899 2247 1031 2298 menum
1063 2233 1096 2289 et
1125 2249 1166 2289 ne
1194 2247 1253 2290 sua

204 2325 370 2389 voluntate
385 2326 562 2390 saorifioare
578 2326 770 2401 viderentur,
787 2327 950 2400 satellites,
967 2335 1003 2391 ut
1019 2328 1252 2393 vehementiore

205 2428 290 2491 sorte
313 2428 430 2510 impetu
455 2450 509 2491 eos
530 2429 726 2500 invaderent,
745 2429 924 2512 acriterque
945 2430 1162 2512 torquentium
1184 2453 1253 2515 spe-

205 2530 285 2595 eiem
300 2530 489 2616 praeberent,
506 2531 611 2616 pretio
625 2539 683 2596 aut
698 2531 845 2616 precibus
859 2532 1050 2605 adduxisse;
1074 2539 1112 2597 ut
1133 2532 1186 2615 qui
1208 2531 1253 2595 sie

206 2631 432 2709 immolassent,
443 2655 505 2696 uon
514 2633 628 2717 ignavo
637 2634 788 2718 languore
798 2632 998 2696 animisedvi
1009 2634 1081 2698 vieti
1091 2634 1252 2699 Christum

206 2755 339 2819 negasse
353 2736 620 2800 existimarentur.

252 2836 336 2901 Ibid.
353 2837 374 2899 l.
395 2858 443 2915 14.
474 2840 605 2922 ὁμιλεῖν]
638 2839 723 2903 Huio
750 2841 846 2904 verbo
871 2841 1103 2904 accommodari
1129 2840 1254 2903 videtur

206 2940 303 3003 breve
324 2940 400 3003 iilud
423 2941 587 3019 scholium,
610 2943 693 3026 quod
717 2943 802 3007 inter
823 2944 906 3007 huno
928 2964 1080 3007 canonem
1102 2950 1136 3007 et
1158 2942 1254 3006 iuter

207 3044 421 3128 pretationem
443 3045 512 3129 ejus
538 3045 570 3107 in
596 3046 702 3109 oodioe
727 3046 983 3110 Amerbaehiano
1004 3046 1131 3131 legitur,
1155 3046 1200 3109 sio
1222 3067 1255 3107 se

207 3145 338 3221 habeus,
368 3147 476 3227 λόγους
506 3148 731 3214 troarnensem
759 3154 910 3212 ποιεῖσθαι
938 3153 978 3233 τῷ
1003 3154 1079 3233 λαῷ.
1110 3154 1172 3215 πῶς
1197 3151 1255 3229 γὰρ

209 3248 305 3328 ἕτεροι
316 3250 475 3312 ὑποθοΐντο
486 3249 645 3327 βέλτιστα,
656 3251 738 3313 αὐτοὶ
746 3251 1000 3332 rependendum
1008 3256 1059 3315 τοῦ
1070 3252 1253 3331 spesi-roam

209 3352 365 3415 aemma
393 3350 573 3415 domnolae
597 3353 642 3415 ad
662 3354 811 3438 poputum
832 3353 950 3418 tabere.
1006 3353 1153 3434 Quomodo
1176 3352 1256 3416 enim

208 3452 268 3516 alii
289 3452 402 3537 optimo
424 3453 612 3528 edoceantur,
636 3477 703 3519 eam
725 3457 786 3541 ipa
807 3479 829 3520 a
849 3456 968 3521 mediore
989 3457 1090 3521 oomni
1102 3456 1256 3539 fuerint?

209 3554 284 3618 Hoo
299 3561 406 3619 autem
422 3555 576 3620 sobolium
590 3558 623 3620 iu
638 3558 723 3621 nullo
743 3558 806 3622 alio
822 3558 927 3623 oodioe
947 3558 1093 3623 habetur.
1118 3556 1255 3621 BEVE-

209 3654 309 3721 ΒΕΘ.
356 3655 540 3741 Lugendum
555 3659 586 3721 in
603 3681 640 3721 eo
656 3659 790 3734 videtur,
806 3667 867 3726 πῶς
882 3664 939 3742 γὰρ
955 3661 1067 3741 ἑτέροις
1084 3662 1139 3724 dre.

255 3759 337 3824 [bid.
353 3761 375 3823 1.
396 3780 443 3843 15.
459 3760 503 3839 μὴ,
514 3762 635 3843 ἐξεῖναι]
664 3760 712 3823 Ut
728 3761 831 3824 verbis
851 3761 966 3825 veteris
988 3760 1152 3846 scriptoris
1170 3768 1255 3834 uter,

209 3884 343 3946 quorum
356 3864 474 3939 sedem,
484 3870 653 3947 postquam
669 3885 707 3926 ea
718 3863 957 3948 descripseram,
970 3864 1097 3948 signare
1111 3862 1253 3947 neglexi3

214 3965 309 4028 Tanto
324 3965 453 4028 madore
467 3966 636 4049 wnqrioaos
649 3965 802 4030 ministros
815 3988 883 4029 orsos
900 3966 1021 4030 eeclesia
1039 3986 1096 4030 esee
1114 3965 1255 4040 decernit,

209 4073 246 4129 ut
260 4066 334 4132 lieet
357 4068 495 4131 seeundo
515 4068 697 4145 certamine,
713 4067 832 4133 elatum
853 4069 957 4153 priore
977 4068 1110 4132 victoria
1132 4069 1256 4131 hostem

208 4176 470 4254 superessentiae
482 4170 614 4253 proinde
626 4192 659 4234 se
671 4171 848 4256 negationis
859 4194 925 4235 suae
934 4172 1006 4235 labe
1015 4170 1255 4242 emaculassent,

207 4292 266 4334 aon
281 4280 379 4335 tamea
395 4271 515 4335 idoneos
529 4272 662 4357 mamlius
676 4274 901 4348 mistimaoerit
917 4274 971 4358 qui
983 4273 1256 4356 emesanmimi·

208 4371 261 4437 bue
276 4374 495 4439 ministrarent.
542 4376 588 4437 At
604 4396 677 4437 vero
693 4398 813 4439 canone
831 4376 973 4460 proxime
989 4373 1132 4458 sequenti
1149 4380 1258 4456 patros

712 4495 760 4543 82
