3242 5150
261 412 313 476 IN
337 411 556 476 CANONES
580 411 826 476 ANCYRAN.
851 416 915 478 ΕΤ
940 416 1148 482 NEOCAES.
1183 421 1248 483 siv

198 585 292 646 murs
304 597 384 644 sunt.
413 585 482 644 Hoc
494 605 511 644 c
525 585 658 664 superius
672 586 770 654 citsto,
786 585 900 645 decimo
912 602 994 665 puta,
1006 589 1130 649 Consilii
1140 590 1247 650 Antio·

197 681 282 742 aheni
303 701 414 744 mone
435 681 582 749 discimus,
607 683 657 742 ubi
682 681 790 743 diserte
811 684 950 750 sancitur,
972 705 1009 743 ne
1029 685 1096 762 quis
1114 686 1246 764 chorepi.

197 797 302 856 scopus
320 780 522 858 presbyterum
540 789 591 838 aut
610 779 763 838 diaconum
782 779 899 842 ordinet
917 781 981 840 sine
1001 782 1081 840 urbis
1100 783 1245 861 episcopo,

197 876 245 936 cui
260 877 321 956 ipse
335 888 365 936 ut
388 877 468 955 regio
481 876 545 952 ujus
564 877 726 954 subjicitur,
741 880 801 950 δι’χο
816 883 863 934 τοῦ
879 878 909 933 s'v
922 884 954 947 τῇ
968 881 1045 934 πόλει
1064 882 1216 945 ἐπισκόπου,
1231 876 1249 948 ᾗ

197 975 343 1034 ὑπόκεινται
363 978 441 1034 οὗτος
461 998 490 1032 τε
511 979 552 1032 roi
572 975 587 1044 i
606 977 687 1048 χώρα.
732 973 774 1032 Et
793 974 963 1033 binoctium
981 974 1012 1032 in
1032 974 1143 1034 ultimis
1161 975 1247 1034 istius

197 1073 316 1132 canonis
337 1071 433 1132 verbis
453 1071 654 1137 constituitur,
677 1081 712 1132 ut
735 1071 959 1151 chorepiscopus
979 1072 1033 1131 fiat
1053 1073 1090 1130 ab
1110 1072 1246 1151 episcopo

197 1169 334 1236 civitatis,
343 1168 392 1228 cui
407 1168 570 1245 subjicitur,
581 1172 782 1242 χοριπὶσιοποι
792 1170 821 1224 δι’
831 1170 953 1242 γίνεσθαι
963 1173 1014 1228 ὑπὸ
1024 1176 1071 1226 τοῦ
1081 1174 1126 1241 τῆς
1135 1169 1245 1236 πόλεως,

196 1263 214 1335 ᾖ
227 1268 358 1323 ὑπόκειται
371 1267 523 1322 ἐπισκόπου.
566 1264 637 1322 Non
651 1265 730 1342 quod
750 1265 811 1343 ipse
829 1263 909 1323 solus
926 1267 1162 1346 chorepiscopum
1177 1287 1245 1325 con-

197 1383 309 1422 secrare
332 1363 436 1422 solitus
457 1364 512 1430 sits
535 1363 586 1424 scd
608 1363 686 1440 quod
711 1363 761 1422 ille
786 1364 946 1422 necessario
969 1364 1177 1421 consecrationi
1199 1363 1244 1420 in.

198 1471 317 1530 teresse,
330 1471 418 1538 atqua
433 1461 520 1523 etism
535 1480 658 1540 praesse
671 1460 794 1520 debeat:
816 1481 876 1518 non
891 1481 973 1527 secus
990 1472 1078 1537 atque
1093 1461 1244 1537 Metropo-

198 1555 307 1615 litanus
320 1577 420 1616 omnes
440 1558 592 1636 episcopos
614 1577 682 1616 suos
704 1558 838 1615 ordinare
857 1557 975 1622 dicitur,
990 1557 1126 1633 quoniam
1146 1555 1245 1614 nullus

196 1653 260 1712 sine
274 1674 309 1713 eo
323 1653 449 1712 ordinari
464 1664 580 1733 potest;
602 1654 714 1714 etiamsi
729 1652 928 1713 ordinationes
940 1655 1117 1732 episcopales
1136 1655 1172 1711 ab
1185 1673 1245 1710 uno

195 1751 333 1829 episcopo
347 1761 470 1829 peractas
485 1749 587 1809 validm
601 1752 671 1810 sstis
692 1751 797 1810 habitas
811 1752 881 1816 sint.
895 1762 929 1808 ut
943 1751 1011 1809 alibi
1025 1751 1179 1829 probatum
1194 1749 1246 1808 de-

196 1846 302 1906 dimus.
355 1847 398 1905 Et
420 1847 538 1925 quidem
564 1848 705 1927 plurimos
728 1848 896 1925 hujusmodi
924 1847 1144 1926 chorepiscopos
1166 1847 1243 1905 snti-

195 1943 298 2021 quitus
320 1943 495 2007 constitutos
515 1945 616 2010 fuisse,
638 1965 675 2004 ex
696 1947 780 2004 Actis
798 1945 996 2004 Consiliorum
1018 1955 1117 2020 patet;
1141 1954 1245 2023 utpote

194 2040 303 2116 quibus
315 2041 370 2120 ipsi
385 2060 467 2118 mque
481 2061 514 2100 ac
531 2040 580 2100 alii
600 2041 737 2121 episcopi,
753 2063 810 2100 nou
825 2041 1024 2102 interfuerunt
1038 2041 1135 2107 modo,
1149 2041 1199 2100 sed
1214 2052 1244 2098 et

195 2137 436 2217 subscripserunt.
479 2137 617 2217 Exempli
639 2139 741 2216 gratia,
762 2138 883 2217 Synodo
904 2139 1033 2197 Nicoenss
1054 2138 1154 2217 primu
1174 2140 1243 2197 sub-

195 2233 375 2312 scripserunt
395 2253 431 2291 ex
455 2234 608 2294 Provincia
629 2234 804 2314 Coelesyriae,
830 2235 980 2294 Pnllsdius
1001 2235 1243 2315 Chorepiscopus,

196 2343 228 2390 et
249 2329 400 2392 Seleucius
421 2331 674 2412 chorepiscopum
697 2353 735 2391 ex
758 2333 912 2392 Provincia
936 2333 1055 2399 Cilicise,
1081 2333 1244 2392 Eudemon

195 2427 426 2506 chorepiscopus
437 2451 445 2498 ;
467 2447 503 2486 ex
527 2429 681 2488 Provincia
701 2429 903 2510 Cappadocis,
922 2431 1096 2507 Gorgonius,
1116 2428 1242 2508 Stepha-

196 2544 262 2593 nus,
275 2525 475 2605 Euphronius,
492 2525 628 2596 Rhodon,
643 2537 674 2587 st
686 2527 889 2607 Theophanes,
902 2547 1003 2585 ornnes
1016 2525 1243 2605 Chorepismpi;

192 2642 234 2683 cx
254 2622 407 2681 Provincia
423 2623 551 2691 isanriae,
568 2624 745 2703 Hesychius,
765 2623 947 2688 Theodorus,
963 2622 1130 2688 Anatolins,
1145 2623 1242 2695 Quin-

195 2730 254 2785 tus,
277 2729 308 2782 et
330 2718 448 2796 Aquila,
468 2720 577 2798 singuli
598 2721 699 2781 itidem
723 2721 951 2799 Chorepiscopi;
980 2733 1067 2780 etex
1089 2720 1244 2779 Provincia

195 2816 353 2895 Bithynis,
364 2816 546 2876 Theustinus
557 2818 798 2899 chorepiscopus.
811 2829 842 2878 et
853 2818 989 2877 Eulalius
999 2817 1244 2896 chorepiscopus.

195 2911 247 2972 Sic
260 2914 347 2973 etism
369 2912 489 2992 Synodo
508 2914 735 2975 Necessariensi
755 2915 926 2994 subscripsit
944 2914 1114 2994 Stephanus
1132 2914 1242 2973 Chore-

195 3010 331 3089 piscopus
350 3009 552 3089 Cappsdocisr.
606 3012 649 3070 Et
672 3013 713 3071 sic
738 3014 769 3071 in
794 3013 859 3073 sliis
884 3012 1023 3071 Consiliis
1046 3011 1243 3090 chorepiscopi

194 3108 273 3187 ipsos
287 3106 364 3165 inter
377 3107 528 3186 episcopos
542 3109 775 3187 subscripserunt
787 3134 794 3179 ;
818 3110 906 3189 idque
920 3130 978 3167 non
992 3121 1026 3167 ut
1043 3109 1165 3167 aliorum
1181 3110 1243 3186 epi-

192 3222 347 3281 scoporum
367 3202 462 3263 locum
483 3215 626 3271 tenentes,
642 3208 693 3263 sed
714 3228 766 3286 pro
785 3208 898 3285 seipsis.
941 3206 1001 3277 Qui
1019 3206 1097 3265 enim
1119 3203 1243 3263 sliorunr

196 3301 273 3359 vices
285 3312 401 3378 gerunt,
416 3300 491 3359 iilud
505 3301 534 3359 in
550 3302 810 3382 subscriptionibus
824 3303 985 3382 significsrc
998 3301 1113 3372 solent;
1133 3300 1243 3379 quode

194 3398 406 3477 chorepiscopis
434 3398 567 3477 nuspism
597 3399 639 3457 fit.
683 3401 750 3459 Hoc
778 3411 876 3459 autem
905 3400 941 3458 de
968 3418 1068 3457 eorum
1100 3398 1245 3471 subscrip.

195 3494 324 3554 tionibus
344 3496 496 3554 observare
516 3494 594 3563 licet,
615 3496 693 3573 quod
715 3517 780 3555 cum
802 3497 852 3555 alii
871 3495 998 3574 episcopi
1020 3495 1116 3560 urbes,
1138 3494 1245 3571 quibus

195 3601 333 3669 prosunt,
348 3601 490 3670 perpetuo
509 3593 661 3651 nominant
670 3614 680 3663 3
703 3593 910 3672 chorepiscopi,
930 3592 962 3649 in
983 3591 1245 3670 subscriptionibus

193 3706 282 3766 supra
297 3687 413 3754 notatis,
427 3687 591 3766 sipiificant
606 3700 721 3749 tontum
737 3691 767 3748 in
780 3709 929 3768 generose
940 3688 1161 3767 chorepiscopos
1171 3708 1244 3754 esse,

194 3794 229 3843 ut
243 3782 393 3841 Palladius
407 3783 650 3865 Chorspiscopus,
665 3786 819 3847 Seleucius
835 3785 1083 3865 Chorepiscopus;
1106 3784 1243 3863 regionis,

192 3899 250 3957 qua
264 3880 432 3939 numeribus
446 3880 507 3938 suis
519 3881 615 3943 functi
629 3895 708 3949 sunt,
724 3884 841 3943 nomine
855 3903 914 3941 non
928 3882 1053 3960 adjecto.
1091 3882 1241 3941 Nimirum

189 3978 306 4037 etiamsi
334 3977 458 4056 episcopi
488 3998 588 4037 revera
614 3980 734 4048 fuerint,
763 3979 837 4038 nulli
865 3991 963 4038 tamen
990 3980 1056 4038 urbi
1084 3978 1242 4058 episcopali

193 4072 392 4151 profuerunt3
414 4072 465 4132 sed
480 4075 560 4133 urbis
574 4075 672 4154 potius
686 4076 833 4155 episcopo,
847 4077 925 4134 intra
937 4074 1022 4152 cujus
1038 4075 1148 4133 limites
1162 4075 1243 4153 regio

193 4171 321 4249 ipsorum
345 4172 401 4231 sita
419 4181 464 4231 est
481 4171 605 4249 subjecti
626 4183 715 4231 sunt:
736 4194 770 4231 sc
789 4185 944 4253 propterca
962 4172 1087 4237 etiamsi,
1101 4183 1247 4249 quatenus

192 4266 385 4347 episcopalem
400 4268 612 4327 ordinationem
624 4268 813 4347 accepissent,
823 4289 891 4327 vere
901 4268 1030 4347 episcopi
1042 4278 1159 4333 essent;
1174 4286 1245 4343 qua-

192 4374 279 4423 tenus
293 4375 391 4423 tamen
405 4367 460 4425 sub
479 4366 536 4423 slio
555 4366 691 4444 episcopo
708 4366 883 4445 episcopalia
901 4385 954 4423 sua
971 4384 1093 4422 munera
1110 4382 1244 4421 exercere

237 4480 303 4523 von.
320 4482 363 4521 ιν.
696 4461 751 4522 rs
