3242 5150
375 404 441 474 392
607 401 639 463 S.
662 394 909 462 PAMPHILI
936 391 1194 457 MARTYRIS

377 584 438 633 tam
462 591 499 631 ex
523 568 732 650 principiorum
756 584 876 627 suorum

376 731 582 812 oonsequentia
589 730 735 812 persecuti
743 738 823 795 sunt,
832 726 876 786 di·

377 915 476 964 eentes
489 923 556 963 oum
569 903 632 961 heo
648 901 729 968 fiant,
744 899 807 958 sins
821 895 877 955 du-

376 1064 426 1124 bio
444 1082 604 1141 numquam
622 1059 765 1119 mnndum
786 1058 876 1118 istum

378 1244 463 1306 posse
472 1222 567 1283 finiri:
588 1230 878 1302 consequensesteos

378 1386 431 1465 qui
456 1386 519 1444 haee
549 1384 690 1450 sentinat,
719 1382 878 1460 Scriptura

379 1556 485 1606 nostrae
503 1566 563 1605 non
585 1544 795 1622 tradereque
814 1561 876 1601 ma·

379 1708 566 1769 nifestissime
592 1707 765 1787 pronuntiat
790 1706 878 1763 finem

378 1868 482 1929 mundi
496 1870 640 1935 futurum,
655 1878 685 1927 et
699 1887 759 1926 non
775 1866 879 1944 exqui-

378 2051 444 2091 rere
457 2031 489 2088 in
502 2029 574 2108 ipsis
587 2027 748 2108 Scripturis
761 2027 877 2106 exposi-

380 2196 475 2255 tiones
492 2193 552 2252 sire
573 2191 745 2252 assertiones
764 2192 879 2270 ineptas

379 2371 410 2419 et
434 2359 685 2436 inconsequentes,
713 2355 879 2435 exquibus

380 2521 463 2583 nullo
493 2540 600 2603 genere
631 2520 748 2582 ostendi
781 2529 880 2602 potest

380 2686 460 2765 quod
467 2686 626 2747 secundum
636 2684 802 2763 Scripturas
811 2704 878 2744 noa·

380 2861 440 2910 tras
452 2868 611 2929 numquam
625 2848 727 2909 soordi
746 2849 812 2908 finis
830 2849 878 2908 su·

379 3014 528 3073 tamasis.

927 560 1054 642 τούτου
1080 559 1123 639 τὸ
1155 557 1327 664 κατοξίαν
1354 563 1429 638 τῶν

927 694 1185 799 ἡμαρτημένων
1194 699 1333 774 παθεῖν.
1348 693 1428 771 ἕκα-

926 863 1017 910 στον
1035 829 1073 908 δὲ
1086 828 1223 908 τούτων
1236 831 1288 933 τῷ
1301 828 1428 932 ἐνορᾷν

926 963 1109 1070 δυναμένῳ
1125 969 1200 1046 τοῖς
1212 958 1428 1062 πράγμασιν

927 1094 1181 1200 ἀνατρεπτικόν
1192 1097 1271 1174 ε’στι
1285 1099 1349 1193 τῆς
1358 1128 1426 1193 με-

926 1230 1250 1330 τενσωματιόσεως.
1306 1235 1352 1309 Εἰ
1389 1228 1429 1308 δὲ

927 1368 1127 1469 ἀναγκαίοις
1146 1371 1180 1444 οἱ
1206 1363 1273 1464 τὴν
1299 1397 1425 1464 μετεν-

928 1501 1150 1602 σωμότωσιν
1220 1498 1428 1603 εἰσάγοντες

928 1633 1148 1736 *“Ελληνες,
1172 1638 1221 1720 ὡς
1245 1631 1429 1715 ἀκόλουθα

929 1772 1046 1854 αι’ντοῖς
1056 1769 1218 1867 τιθέντες,
1229 1767 1309 1848 οὐδὲ
1328 1769 1429 1875 φθεί-

928 1911 1056 2010 ρεσθαι
1106 1904 1301 2000 βούλονται
1362 1900 1429 1984 τόν

928 2037 1077 2138 κόσμον,
1101 2039 1176 2142 ὥρα
1197 2042 1256 2118 καὶ
1280 2037 1429 2122 τούτους

928 2175 1220 2282 ἀντιβλεψαντας
1250 2181 1327 2258 ταῖς
1364 2176 1424 2253 ἐκ·

929 2309 1141 2418 φρονούσαις
1158 2314 1315 2415 γραφαῖς
1333 2312 1429 2414 φθα-

928 2444 1107 2548 ρήσεσθαι
1131 2443 1195 2524 τὸν
1222 2442 1371 2542 κόσμον,
1402 2439 1427 2540 ἢ

929 2585 1131 2681 ἀπιστῆσαι
1144 2581 1272 2677 αὐτοῖς,
1290 2576 1313 2679 ἢ
1329 2579 1428 2681 εὐρε-

928 2722 1090 2819 σιλογεΐν
1117 2717 1198 2817 περὶ
1229 2712 1428 2816 διηγήσεως

928 2857 1001 2933 τῶν
1020 2848 1110 2931 κατὰ
1124 2848 1190 2950 τὴν
1202 2850 1426 2946 συντέλειαν,

929 2987 1017 3087 όπερ
1032 2982 1099 3091 κᾷν
1109 2982 1312 3081 βούλωνται
1323 2987 1426 3082 ποιῆ-

928 3153 1003 3216 σαι,
1018 3120 1059 3197 οὐ
1081 3116 1307 3217 δυνήσονται.
1343 3134 1426 3213 Orig.

932 3254 1036 3314 Comm.
1051 3254 1082 3313 ia
1097 3254 1187 3312 Moti.

380 3379 397 3418 e
411 3376 531 3438 corpore
544 3356 575 3415 in
589 3378 695 3436 corpus
708 3358 843 3418 funditus
857 3358 1020 3418 labefactat.
1063 3358 1190 3430 Quodsi
1204 3358 1256 3435 qui
1269 3358 1426 3422 transitum

380 3439 541 3497 animarum
563 3439 594 3496 in
616 3438 696 3497 varia
714 3459 835 3519 corpora
858 3439 1000 3498 invehunt
1023 3438 1151 3506 atanici,
1177 3447 1280 3517 utpote
1304 3458 1426 3499 eonsen-

380 3528 466 3578 tanea
479 3518 617 3578 doctrina
630 3520 700 3579 huie
709 3520 902 3587 adstruentes,
911 3519 1014 3577 mundi
1028 3519 1181 3578 interitum
1194 3518 1355 3577 necessario
1366 3538 1426 3578 non

379 3598 559 3670 admittunt‚·
590 3619 625 3660 su
663 3610 723 3660 rest
747 3611 781 3659 ut
804 3610 958 3677 postquam
984 3598 1143 3678 seripturis
1166 3598 1269 3657 mundi
1292 3618 1426 3657 oocasum

379 3680 574 3739 asserentibus
588 3620 682 3760 paiiaem
700 3678 838 3759 refragati
856 3680 977 3747 fuerint,
991 3679 1038 3739 vel
1053 3678 1139 3739 fidem
1159 3678 1195 3738 iis
1213 3697 1272 3736 non
1289 3678 1426 3746 habeant,

379 3759 428 3818 vel
445 3759 533 3817 verba
552 3761 698 3839 reperiant
713 3762 819 3839 quibus
839 3780 958 3839 eaquae
979 3759 1016 3818 ad
1037 3759 1313 3819 consummationem
1334 3760 1426 3838 perti-

379 3848 461 3907 nent,
489 3839 633 3917 explieare
665 3853 804 3920 possunt:
841 3840 920 3918 quod
949 3841 1045 3900 facere
1075 3840 1244 3916 neutiquam
1276 3849 1427 3918 poterunt,

378 3916 494 3977 etiamsi
508 3916 609 3978 velint.

421 4013 617 4078 Pramnos.
626 4015 678 4078 De
687 4014 853 4092 eademre,
863 4015 992 4080 exlibro
1001 4016 1041 4079 de
1050 4014 1230 4083 Proverbiis
1239 4012 1427 4081 Salomonis.

421 4121 587 4184 Oaronuns.
618 4122 745 4187 Videtur
757 4123 1102 4189 autem—diabolum.
1175 4138 1177 4141 ’

423 4232 618 4298 Pauenmus.
643 4233 688 4298 Et
703 4234 798 4319 paulo
813 4240 897 4322 post.

422 4340 587 4407 Omoaum.
610 4343 673 4409 aad
683 4344 1050 4432 apoptoae--poocoto
1063 4356 1141 4411 suot.

711 4459 728 4489 ⁴
735 4456 801 4521 (sor.
810 4458 842 4508 ὃς
848 4456 968 4517 Ἓλληνες
978 4456 1108 4521 britonia)
