3242 5150
372 427 645 492 CONCILIUM
671 427 1064 492 ELIBERITANUM.
1182 427 1248 499 269

682 597 761 660 LII.

243 706 308 770 1Ηί
332 707 385 791 qui
408 707 527 771 inventi
550 707 668 772 fuerint
685 707 807 772 libellos
827 707 965 772 famosos
985 707 1019 771 in
1041 708 1174 775 ecclesia
1194 731 1250 795 po·

201 839 287 894 nere,
302 816 623 881 anathematizentur.

673 928 777 992 LIII.

244 1037 403 1100 ¹¹¹Placuit
425 1037 556 1110 cunctis,
572 1043 609 1101 ut
631 1037 672 1100 ab
694 1059 733 1100 ec
748 1037 896 1121 episeopo
916 1035 987 1122 quis
1008 1037 1145 1122 accipiat
1167 1059 1251 1104 com·

201 1146 391 1222 munionem,
407 1168 428 1208 a
443 1167 505 1229 quo
522 1147 690 1210 abstentus
703 1146 736 1209 in
751 1146 882 1210 crimine
897 1146 1004 1230 aliquo
1018 1146 1124 1211 fuerit.
1159 1148 1251 1228 Quod

202 1255 228 1318 si
251 1255 332 1318 alius
355 1254 519 1338 episcopus
544 1255 781 1340 praesumpserit
807 1278 880 1319 cum
905 1257 1045 1333 admitti,
1068 1256 1121 1320 illo
1145 1257 1250 1322 adhuc

202 1364 330 1428 minime
351 1364 496 1441 faciente,
521 1365 569 1428 vel
595 1365 824 1441 consentiente,
847 1387 868 1428 a
893 1388 956 1449 quo
981 1365 1087 1430 suerat
1113 1388 1251 1430 commu-

202 1475 296 1539 nione
320 1475 481 1558 privatus3
517 1473 597 1538 sciat
624 1496 658 1538 se
683 1474 863 1558 hujusmodi
889 1497 1002 1540 causas
1025 1476 1109 1541 inter
1135 1476 1251 1542 tratres

203 1608 274 1650 oum
289 1593 394 1652 status
408 1587 457 1650 sui
472 1585 611 1671 periculo
626 1593 864 1671 praestaturum.

681 1719 773 1781 LIV.

246 1843 261 1874 ¹¹
273 1829 307 1893 Si
326 1829 379 1914 qui
403 1837 551 1913 parentes
570 1829 665 1893 fidem
686 1829 839 1914 fregerint
861 1831 1102 1915 sponsaliorum,
1123 1830 1251 1895 triennii

203 1947 345 2024 tempore
360 1939 590 2004 abstIneantur.
636 1938 669 2003 Si
685 1947 793 2004 tamen
809 1941 903 2004 iidem
922 1963 1056 2026 sponsus
1070 1939 1117 2004 vel
1136 1962 1252 2024 sponsa

204 2049 236 2112 in
246 2049 335 2134 gravi
347 2047 476 2112 erimine
487 2050 604 2114 fuerint
616 2048 815 2132 deprehensi,
826 2049 969 2114 excusati
981 2058 1075 2114 erunt
1085 2057 1249 2136 parentes:

204 2159 231 2222 si
252 2159 285 2221 in
307 2159 418 2223 iisdem
442 2158 538 2224 fuerit
559 2159 683 2236 vitium,
705 2168 739 2224 et
761 2159 931 2244 polluerint
953 2182 999 2236 se,
1018 2160 1161 2245 superior
1180 2181 1249 2224 sen-

204 2270 308 2334 tentia
322 2277 472 2334 servetur.

694 2382 762 2443 LV.

249 2488 448 2566 Sacerdotes,
472 2487 526 2573 qui
549 2494 676 2552 tantum
699 2498 870 2552 ⁰coronam
890 2494 1032 2574 portant,
1053 2509 1111 2551 nec
1131 2487 1251 2551 sacrifi·

205 2604 290 2671 cant,
307 2618 365 2661 nec
380 2597 420 2660 de
435 2597 499 2660 suis
515 2597 692 2681 sumptibus
707 2596 827 2683 aliquid
845 2597 887 2661 ad
908 2597 994 2661 idola
1007 2604 1171 2682 praestant,
1188 2597 1253 2682 pla·

205 2708 271 2772 enit
286 2715 360 2791 post
374 2707 534 2772 biennium
550 2706 692 2792 accipere
707 2706 970 2771 communionem.

683 2818 775 2881 LVI.

251 2927 499 3011 pMagistratum
525 2950 600 2992 vero
625 2949 689 2991 uno
714 2948 807 3002 auno,
833 2948 896 3010 qno
917 2924 985 3011 agit
1007 2924 1251 3002 duumviratum,

206 3036 437 3121 prohibendum
453 3036 581 3121 placuit,
598 3042 634 3100 ut
650 3059 683 3099 se
698 3037 740 3099 ab
755 3034 887 3099 ecelesia
902 3034 1058 3100 cohibeat.

675 3146 785 3209 LVII.

252 3254 425 3331 Matronae,
449 3254 496 3317 vel
523 3276 631 3319 earum
657 3254 775 3331 mariti
799 3261 836 3317 ut
858 3253 1048 3318 vestimenta
1067 3274 1125 3344 sua
1143 3253 1186 3315 ad
1204 3273 1256 3315 or-

206 3365 344 3429 eandam
359 3364 553 3429 saeculariter
572 3386 721 3449 pompam
735 3385 799 3427 non
819 3364 917 3440 dent;
938 3370 972 3428 et
992 3363 1019 3427 si
1037 3361 1183 3441 fecerint,
1198 3361 1255 3425 tri·

208 3475 301 3539 ennio
315 3474 546 3539 abstineantur.

667 3584 799 3647 LVIII.

252 3694 412 3769 quacuit,
436 3693 560 3779 ubique,
583 3701 618 3757 et
639 3693 776 3757 maxime
797 3692 831 3755 in
853 3713 891 3755 eo
913 3690 983 3753 loco
1006 3688 1039 3751 in
1065 3710 1127 3772 quo
1152 3687 1258 3769 prima

209 3803 361 3868 cathedra
382 3804 559 3868 constituta
584 3810 634 3868 est
660 3803 872 3888 episcopatus,
899 3807 936 3864 ut
961 3799 1199 3883 interrogentur
1223 3796 1257 3859 bi

241 3982 280 4047 ¹3.
295 3988 325 4035 V.
342 3990 389 4045 Qu.
406 4004 425 4035 r.
438 3989 462 4036 Si
475 3989 515 4051 qui
528 3990 630 4038 inventi.
646 3992 698 4051 lvo,
712 3998 773 4051 part.
782 3988 818 4035 iii.
829 3998 942 4049 capasr.
1065 3994 1089 4023 m
1101 3984 1192 4032 Similis
1201 3982 1259 4029 huto

208 4087 286 4119 conns
301 4069 336 4119 16-
351 4072 445 4119 Arctet.
458 4086 479 4118 ι.
494 4073 601 4120 Cencils'i.
703 4082 718 4110 ὓ
731 4072 785 4126 Ιυο,
797 4068 918 4132 partviii.
930 4082 981 4128 cap.
992 4063 1031 4126 46.
1044 4066 1106 4113 Item
1114 4064 1258 4121 Gratiam

208 4167 282 4199 camo
294 4165 317 4211 3.
329 4157 410 4213 quast
422 4164 444 4211 3.
456 4152 498 4200 sed
507 4166 598 4199 eamne
608 4152 757 4212 interpoksto,
769 4164 851 4213 capr.
885 4147 910 4196 Si
921 4147 963 4210 qui
974 4152 1091 4208 parentes
1111 4145 1258 4193 Gron‘mm

209 4236 304 4278 secutus
314 4237 349 4277 est
361 4232 434 4278 Card.
446 4233 475 4278 de
487 4232 601 4291 Aquis-rs.
782 4239 797 4267 0
808 4226 995 4276 morificsntium
1006 4236 1129 4277 coronam,
1141 4222 1258 4281 Aquino.

209 4320 224 4357 r
236 4312 326 4358 Similis
336 4312 393 4359 tute
404 4326 480 4358 eonon
495 4324 544 4358 vn.
559 4310 660 4359 Concidit
673 4312 765 4359 Arctet.
781 4323 801 4355 ι.
945 4317 956 4346 a
969 4304 1061 4365 Consu
1073 4304 1194 4350 Carum
1205 4311 1257 4347 vn.

213 4392 312 4439 Caecilii
325 4393 418 4441 Arelas.
429 4406 449 4439 ι.
