3242 5150
398 1608 733 1694 CONCILIUM
764 1597 1085 1710 ROMANUM‚

227 1877 229 1881 .
289 1812 340 1882 ΙΝ
363 1817 634 1884 CAECILIANI
659 1821 1110 1888 CARTHAGINIENSIS
1132 1811 1199 1885 ET

452 1931 843 1996 DONATISTARUM
870 1934 1038 1999 CAUSA.

625 2157 853 2192 ms*-

415 2301 499 2377 Gun.
515 2302 644 2392 Ulmus,
658 2299 741 2378 [liu.
756 2303 824 2378 [λι.
840 2301 901 2378 vol.
913 2299 933 2378 i.
949 2337 982 2398 p.
995 2334 1014 2398 3
1017 2319 1069 2400 50.

221 2411 498 2516 Consumtis
525 2448 706 2512 Romanum
726 2450 755 2513 1.
780 2471 865 2514 anno
888 2469 963 2534 313.
990 2449 1023 2512 in
1052 2470 1149 2514 aaut
1175 2437 1272 2516 caeot

217 2548 307 2629 liani,
322 2550 457 2637 proeside
476 2550 659 2618 Melchiade
675 2574 771 2637 pape,
787 2551 994 2618 Constantini
1010 2551 1058 2616 M.
1073 2551 1175 2617 literis
1195 2576 1269 2619 con·

218 2661 376 2719 vocatum.
399 2652 622 2719 Convenerunt
631 2653 770 2740 episcopi
781 2677 848 2720 nx.
861 2657 881 2719 6
892 2640 974 2719 Non.
986 2654 1119 2719 Octobr.
1129 2654 1162 2719 in
1175 2654 1271 2721 Lace

219 2777 299 2821 rano
320 2744 354 2820 ln
376 2758 505 2821 domum
528 2756 680 2833 Faustam
701 2778 723 2821 a
744 2748 859 2842 quibus
875 2757 1064 2822 Caeoilianns
1085 2744 1273 2837 absolvitur,

218 2859 413 2924 damnantur
427 2858 620 2925 Donatistis.
665 2858 782 2925 Tribus
797 2848 997 2925 Sessionibus
1017 2856 1157 2945 synodus
1176 2860 1270 2924 abso-

218 2961 288 3028 lutu
302 2971 361 3027 est.
394 2962 540 3027 Sessione
552 2982 580 3027 1.
598 2961 792 3041 Donatista,
808 2963 919 3028 oblato
935 2954 1051 3040 libello,
1067 2959 1273 3027 Caeoilianum

219 3065 392 3129 multorum
412 3064 579 3129 criminum
600 3073 802 3145 acoumrunt,
818 3065 989 3131 Caeciliano·
1003 3088 1023 3130 e
1037 3072 1150 3130 contra
1165 3064 1272 3129 Dona÷

219 3173 289 3231 tum
302 3175 483 3231 accusante.
530 3168 614 3231 Sese.
627 3190 662 3230 n.
676 3167 773 3232 alium
795 3168 947 3234 adversus
962 3166 1165 3233 (loeoilinnum
1185 3166 1273 3231 libel··

219 3269 284 3333 lum
298 3269 492 3334 obtulerunt.
538 3271 621 3334 Sess.
633 3292 678 3333 111.
698 3270 819 3336 auditis
840 3271 998 3346 omnibus,
1015 3290 1085 3354 quse
1102 3268 1164 3333 dici
1179 3276 1272 3353 pote·

219 3380 303 3449 runt,
327 3379 361 3436 et
382 3370 504 3455 plonius
526 3371 726 3448 examinatis,
742 3373 893 3436 Donatus
915 3390 1069 3458 tanquam
1091 3370 1272 3436 schismatis

219 3496 292 3539 reus
307 3474 491 3548 damnatur,
508 3472 698 3538 Caeoilianus
713 3474 990 3539 aDonatisturum
1005 3472 1272 3552 accusationibus

216 3574 337 3659 judicio
366 3574 509 3660 synodali
534 3574 720 3639 absolvitur.
766 3575 852 3639 Actu
877 3574 972 3661 hujus
999 3574 1132 3639 Conoilii
1158 3582 1273 3641 extent

219 3677 305 3761 apud
327 3676 481 3763 Optatnm
503 3676 558 3740 lib.
570 3677 592 3740 i.
607 3700 640 3763 p.
655 3695 707 3762 25.
725 3678 789 3761 (ed.
805 3677 942 3763 Dupin.)
963 3684 997 3742 st
1019 3676 1137 3743 (loncil.
1157 3677 1272 3741 tomi.

218 3800 292 3864 pag.
306 3799 399 3863 ¹403·
419 3780 482 3863 [ed.
503 3777 604 3844 Lubb.
625 3780 706 3844 Post
726 3779 815 3845 (larii
837 3788 974 3845 mortem
996 3778 1195 3857 Harduinus,
1218 3778 1273 3863 qui

218 3879 251 3942 in
275 3880 385 3944 lndioe
406 3880 486 3945 tomi
507 3880 601 3965 primi
626 3879 830 3944 Consiliorum
851 3880 950 3945 hocce
971 3879 1145 3946 Concilium
1166 3902 1274 3945 recen·

219 3989 338 4059 suerat,
369 3982 518 4067 Actaque
544 3981 613 4067 ejus
639 3981 750 4047 lectori
778 3982 985 4058 indicaverat,
1012 3982 1139 4068 inipso
1165 3990 1273 4047 tumen

219 4104 316 4169 opere
329 4084 418 4149 Aotn
432 4083 558 4149 omisit:
583 4106 655 4170 quae
674 4085 707 4148 in
723 4084 895 4149 novissima
912 4085 1114 4150 Concibiosum
1134 4084 1273 4149 editione

219 4186 373 4251 restitutn
394 4188 485 4271 sunt]
510 4186 565 4251 ubi
580 4188 679 4251 etiam
694 4188 828 4252 Anulini
843 4188 1039 4273 proconsulis
1059 4196 1093 4253 et
1115 4186 1273 4252 (lonstun-

219 4287 278 4351 tini
305 4288 408 4353 literae
433 4288 604 4354 habentur.
649 4289 730 4353 Vide
753 4289 892 4375 August.
912 4290 1005 4377 epist.
1022 4306 1092 4375 152.
1118 4298 1152 4355 et
1179 4290 1272 4353 Brev.

221 4390 300 4455 (loll.
316 4413 386 4477 cap.
398 4410 431 4475 3.
477 4392 560 4456 Hno
574 4389 705 4456 (livius.

705 4518 726 4558 s
741 4514 799 4561 nn
