3242 5150
360 397 519 464 GESTA
543 402 874 468 PURGA'I'IONIS
899 405 1099 471 FELICIS.
1190 407 1255 474 287

206 567 284 632 AElii
300 567 427 632 Paulini
446 569 505 633 viri
525 572 707 656 spectabilis
720 575 846 659 agentis
864 576 1013 642 vicariam
1033 578 1256 663 praelectumm

205 678 392 764 pertulistis,
408 680 521 744 statim
541 682 584 746 ad
606 683 743 748 scribam
763 685 915 750 Miccium
935 687 1006 751 misi
1028 693 1065 752 ut
1080 687 1202 752 veniret
1223 690 1257 752 et

206 798 280 855 acts
293 789 392 875 ipsius
408 791 561 875 temporis
580 793 726 858 conlecta
744 795 822 859 mihi
837 797 1015 875 obtulisset,
1031 807 1065 863 et
1083 819 1183 883 usque
1202 797 1258 862 cd·

207 900 269 964 huc
288 900 429 985 inquirit,
454 901 603 986 quoniam
629 926 693 967 non
718 906 877 971 modicum
903 916 1030 992 tempus
1055 917 1104 973 est
1130 930 1258 994 exque

208 1013 445 1078 duumviratum
470 1014 708 1089 administravi:
739 1016 814 1081 anni
840 1025 915 1083 sunt
940 1019 1095 1084 undecim.
1142 1021 1259 1102 lteque

209 1147 281 1190 cum
295 1123 461 1200 invenerit,
477 1126 595 1208 parebo
610 1135 705 1191 tanto
722 1140 893 1214 praecepto.
939 1127 1103 1194 Gallienus
1114 1129 1260 1194 duumvir

209 1235 309 1300 dixit:
334 1235 410 1298 Tua
423 1234 557 1301 interest
567 1236 703 1321 jussioni
719 1261 840 1324 parere.
880 1241 976 1305 Vides
991 1241 1074 1305 enim
1085 1239 1259 1326 jussionem

209 1368 279 1410 esse
293 1366 429 1410 sacram.
475 1346 665 1411 Caecilianus
687 1349 786 1414 dixit:
810 1350 954 1415 Devotus
973 1372 1043 1414 sum
1063 1357 1157 1415 tento
1177 1371 1258 1434 prse-

210 1463 314 1541 cepto.
361 1457 445 1519 ltem
460 1478 532 1520 cum
546 1457 641 1542 paulo
656 1466 730 1542 post
744 1459 849 1524 scriba
865 1460 1001 1525 Miccius
1018 1460 1259 1545 supervenisset,

211 1567 346 1631 Fuscius
367 1567 514 1632 duumvir
536 1568 635 1632 dixit:
663 1570 792 1634 Audisti
814 1577 848 1635 et
870 1579 916 1648 tu,
934 1569 1042 1648 Micci,
1059 1572 1144 1656 quod
1167 1579 1201 1636 et
1222 1579 1260 1636 tu

212 1698 277 1742 una
291 1699 362 1741 oum
377 1677 547 1742 Oaecilianc
560 1680 758 1744 necessarius
771 1703 806 1744 es
826 1681 872 1745 ire
892 1682 934 1745 ad
949 1680 1086 1746 officium
1101 1681 1159 1745 viri
1175 1703 1262 1767 speo-

212 1786 320 1851 tabilis
345 1786 476 1861 Viearii,
498 1788 740 1853 instructionem
764 1789 834 1873 ejus
859 1791 1012 1875 temporis
1036 1797 1075 1855 ut
1102 1790 1263 1855 vobiscum

214 1897 391 1981 perferatis.
429 1897 483 1961 Ad
500 1898 568 1962 haeo
580 1899 656 1983 quid
667 1899 765 1964 dicis!
789 1900 1118 1986 Mieoiusrespondit:
1144 1901 1263 1988 Magis·

213 2014 320 2071 tratur
335 2007 481 2093 suppleto
500 2031 585 2074 anno
604 2032 714 2074 omnes
728 2017 821 2074 actus
840 2032 914 2075 suos
929 2012 1058 2075 domum
1073 2032 1163 2075 suam
1178 2010 1262 2088 tulit,

214 2118 241 2181 si
256 2117 317 2181 mci
332 2118 366 2181 in
380 2140 453 2182 cera
467 2119 591 2204 possint
605 2120 737 2185 inveniri
753 2121 888 2207 inquiro.

259 2227 304 2292 Et
319 2250 389 2291 oum
406 2238 573 2315 qurereret,
589 2230 726 2308 Quintus
741 2232 875 2296 Sisenna
890 2231 1036 2296 duumvir
1050 2232 1150 2297 dixit:
1171 2233 1263 2310 Quod

215 2339 363 2423 cognovit
378 2339 538 2404 cofficium
553 2341 725 2425 respondit.
767 2342 973 2426 Apronianus
987 2342 1085 2406 dixit:
1111 2341 1144 2406 Si
1157 2365 1265 2406 omnes

216 2450 308 2506 aetus
322 2464 398 2506 suos
411 2443 530 2507 tulerat
547 2444 766 2528 magistratus,
782 2445 865 2508 unde
885 2452 960 2508 acta
974 2467 1045 2529 quae
1060 2452 1137 2508 tuno
1152 2445 1267 2508 emissa

217 2559 319 2630 erant,
335 2551 383 2617 vel
398 2551 543 2618 confecta
553 2561 647 2619 tento
659 2557 821 2641 tempore!
837 2555 965 2620 Etcum
976 2555 1106 2634 diceret,
1119 2555 1267 2621 AElianus

217 2663 386 2749 proconsul
411 2662 510 2727 dixit:
534 2664 579 2727 Et
602 2685 673 2728 mea
698 2664 907 2750 interrogatio
929 2673 963 2731 et
985 2665 1179 2750 singulorum
1193 2687 1265 2751 per·

218 2795 368 2839 sonamm
383 2774 545 2859 responsio
559 2776 640 2839 actis
652 2776 844 2840 continetur.
883 2777 1052 2861 Agesilaus
1067 2776 1168 2840 dixit:
1184 2776 1267 2841 Sunt

218 2892 376 2967 proeterea
389 2893 423 2949 et
437 2885 509 2949 aliae
523 2886 665 2972 epistola:
680 2887 753 2951 huic
768 2887 814 2951 rei
835 2886 1030 2952 necessariae.
1076 2886 1216 2951 Interest
1230 2894 1267 2950 ut

218 2994 374 3079 legantur.
418 2994 571 3060 AElicnns
593 2996 760 3081 proconsul
782 2996 882 3061 dixit:
909 2996 994 3082 Lege
1018 2995 1188 3061 Caeciliano
1209 3018 1264 3060 au-

212 3103 336 3181 diente,
351 3113 388 3169 ut
403 3114 557 3190 agnoscat
571 3129 613 3170 an
627 3107 695 3192 ipse
710 3108 888 3172 dictaverit.
927 3106 1095 3193 Agesilaus
1109 3106 1266 3171 recitavit.

267 3214 438 3279 Volusiano
459 3225 494 3281 et
520 3217 671 3282 Anniano
693 3218 874 3282 consulibus
893 3241 975 3281 xuu.
1004 3216 1168 3281 Kalendas
1192 3215 1269 3300 Sep-

220 3325 353 3389 tembris
368 3326 400 3389 in
411 3328 484 3410 jure
497 3329 584 3413 apud
602 3329 767 3393 Aurelium
782 3329 956 3413 Didymum
972 3327 1151 3413 Speretium
1166 3347 1269 3390 sacer-

222 3436 330 3500 dotem
344 3438 437 3502 ·Iovis
451 3439 563 3523 optimi
579 3439 718 3516 maximi,
734 3439 935 3503 duumvirum
950 3438 1122 3523 splendidis
1138 3435 1269 3501 coloniae

221 3545 541 3633 Carthaginiensium,
572 3550 736 3614 Maximus
765 3550 865 3615 dixit:
904 3549 1031 3635 Loquor
1063 3548 1189 3612 nomine
1223 3570 1270 3611 se-

222 3658 346 3721 niorum
361 3659 533 3724 Christiani
556 3661 662 3746 populi
682 3661 847 3726 catholieo:
866 3662 952 3746 legis.
998 3660 1096 3745 Apud
1115 3659 1270 3723 maximos

224 3766 439 3853 Imperatores
453 3791 550 3834 causa
564 3770 688 3855 agenda
702 3770 764 3835 erit
783 3778 897 3835 contra
914 3770 1118 3834 Caecilianum
1133 3776 1167 3833 et
1187 3768 1270 3833 Feli-

223 3898 301 3954 cem,
317 3877 372 3962 qui
388 3878 601 3965 principatum
615 3879 754 3964 ejusdem
771 3880 849 3965 legis
868 3879 1000 3944 domniu
1014 3886 1171 3944 conantur
1185 3878 1271 3943 inva-

224 3986 308 4051 dere.
353 3987 477 4054 Contra
503 3989 589 4075 ipsos
614 3992 806 4056 documenta
831 3991 997 4056 criminum
1025 3990 1116 4076 eejus
1145 3989 1272 4074 conqui-

223 4105 348 4162 runtur.
393 4099 564 4163 Nemeum
584 4102 762 4185 persecutio
781 4114 867 4166 esset
889 4102 1010 4166 indicta
1024 4098 1224 4175 Christianis,
1240 4097 1273 4161 id

257 4310 317 4372 tlt.
328 4326 348 4359 e.
361 4311 475 4361 officialia
494 4315 546 4361 Vid.
559 4329 581 4376 p.
594 4312 660 4379 ²⁸9)
709 4314 770 4378 ἀοι.
778 4331 798 4363 e.
811 4331 855 4377 per
865 4315 956 4371 omnia,
969 4314 1015 4375 orl,
1026 4314 1143 4363 scribend.
1155 4310 1275 4373 omnino)

226 4390 286 4453 0(t.
295 4408 315 4440 e.
329 4391 435 4457 Felicis)
