<?xml version="1.0" encoding="UTF-8"?>
<!DOCTYPE html PUBLIC "-//W3C//DTD XHTML 1.0 Transitional//EN"
    "http://www.w3.org/TR/xhtml1/DTD/xhtml1-transitional.dtd">
<html xmlns="http://www.w3.org/1999/xhtml" xml:lang="en" lang="en">
 <head>
  <title>
</title>
<meta http-equiv="Content-Type" content="text/html;charset=utf-8" />
  <meta name='ocr-system' content='tesseract 3.04.00' />
  <meta name='ocr-capabilities' content='ocr_page ocr_carea ocr_par ocr_line ocrx_word'/>
</head>
<body>
  <div class='ocr_page' id='page_1' title='image "./reliquiaesacrae12routgoog_0107.png"; bbox 0 0 3242 5150; ppageno 0'>
   <div class='ocr_carea' id='block_1_1' title="bbox 539 422 1241 498">
    <p class='ocr_par' dir='ltr' id='par_1_1' title="bbox 539 422 1241 498">
     <span class='ocr_line' id='line_1_1' title="bbox 539 422 1241 498; baseline 0.014 -12"><span class='ocrx_word' id='word_1_1' title='bbox 539 423 589 486; x_wconf 87' lang='lat' dir='ltr'><strong>IN</strong></span> <span class='ocrx_word' id='word_1_2' title='bbox 614 424 647 486; x_wconf 91' lang='lat' dir='ltr'><strong>S.</strong></span> <span class='ocrx_word' id='word_1_3' title='bbox 668 422 909 490; x_wconf 87' lang='lat' dir='ltr'><strong>PHILEAM.</strong></span> <span class='ocrx_word' id='word_1_4' title='bbox 1197 424 1241 498; x_wconf 80' lang='grc'><strong>97</strong></span> 
     </span>
    </p>
   </div>
   <div class='ocr_carea' id='block_1_2' title="bbox 187 591 1241 4157">
    <p class='ocr_par' dir='ltr' id='par_1_2' title="bbox 187 591 1241 2518">
     <span class='ocr_line' id='line_1_2' title="bbox 191 591 1240 676; baseline 0.007 -20"><span class='ocrx_word' id='word_1_5' title='bbox 191 591 368 656; x_wconf 83' lang='lat' dir='ltr'><strong>Ruinartus</strong></span> <span class='ocrx_word' id='word_1_6' title='bbox 388 591 437 656; x_wconf 88' lang='lat' dir='ltr'><strong>ait</strong></span> <span class='ocrx_word' id='word_1_7' title='bbox 460 597 479 627; x_wconf 91' lang='lat'><strong>“</strong></span> <span class='ocrx_word' id='word_1_8' title='bbox 491 612 562 676; x_wconf 79' lang='lat' dir='ltr'><strong>quar</strong></span> <span class='ocrx_word' id='word_1_9' title='bbox 585 591 624 656; x_wconf 82' lang='lat' dir='ltr'><strong>F.</strong></span> <span class='ocrx_word' id='word_1_10' title='bbox 639 591 828 660; x_wconf 83' lang='lat' dir='ltr'><strong>Franoisous</strong></span> <span class='ocrx_word' id='word_1_11' title='bbox 847 593 1054 661; x_wconf 83' lang='lat' dir='ltr'><strong>Gombafisius</strong></span> <span class='ocrx_word' id='word_1_12' title='bbox 1069 595 1185 662; x_wconf 80' lang='lat' dir='ltr'><strong>Graeoo</strong></span> <span class='ocrx_word' id='word_1_13' title='bbox 1205 609 1240 663; x_wconf 85' lang='lat' dir='ltr'><strong>at</strong></span> 
     </span>
     <span class='ocr_line' id='line_1_3' title="bbox 191 691 1240 782; baseline 0.006 -24"><span class='ocrx_word' id='word_1_14' title='bbox 191 702 211 730; x_wconf 89' lang='grc'>“</span> <span class='ocrx_word' id='word_1_15' title='bbox 228 693 343 759; x_wconf 83' lang='lat' dir='ltr'><strong>Latius</strong></span> <span class='ocrx_word' id='word_1_16' title='bbox 370 691 473 758; x_wconf 79' lang='lat' dir='ltr'><strong>edidit</strong></span> <span class='ocrx_word' id='word_1_17' title='bbox 501 693 534 757; x_wconf 92' lang='lat' dir='ltr'><strong>iu</strong></span> <span class='ocrx_word' id='word_1_18' title='bbox 568 691 750 781; x_wconf 61' lang='lat' dir='ltr'><strong>Tsimnpbia</strong></span> <span class='ocrx_word' id='word_1_19' title='bbox 778 697 882 762; x_wconf 73' lang='lat' dir='ltr'><strong>Lectis</strong></span> <span class='ocrx_word' id='word_1_20' title='bbox 916 700 1097 782; x_wconf 73' lang='lat' dir='ltr'><strong>Martyrum</strong></span> <span class='ocrx_word' id='word_1_21' title='bbox 1119 699 1240 780; x_wconf 83' lang='lat' dir='ltr'><strong>(Paris.</strong></span> 
     </span>
     <span class='ocr_line' id='line_1_4' title="bbox 192 797 1240 886; baseline 0.008 -26"><span class='ocrx_word' id='word_1_22' title='bbox 192 804 212 836; x_wconf 79' lang='lat'><strong>‘⁶</strong></span> <span class='ocrx_word' id='word_1_23' title='bbox 232 797 329 884; x_wconf 85' lang='lat'>1660)</span> <span class='ocrx_word' id='word_1_24' title='bbox 350 819 414 862; x_wconf 90' lang='lat' dir='ltr'><strong>uon</strong></span> <span class='ocrx_word' id='word_1_25' title='bbox 434 797 483 862; x_wconf 88' lang='lat' dir='ltr'><strong>ita</strong></span> <span class='ocrx_word' id='word_1_26' title='bbox 501 806 577 864; x_wconf 86' lang='lat' dir='ltr'><strong>sunt</strong></span> <span class='ocrx_word' id='word_1_27' title='bbox 598 799 745 884; x_wconf 87' lang='lat' dir='ltr'><strong>antiqua,</strong></span> <span class='ocrx_word' id='word_1_28' title='bbox 767 809 805 866; x_wconf 89' lang='lat' dir='ltr'><strong>ut</strong></span> <span class='ocrx_word' id='word_1_29' title='bbox 824 801 876 866; x_wconf 89' lang='lat' dir='ltr'><strong>hia</strong></span> <span class='ocrx_word' id='word_1_30' title='bbox 896 797 1038 886; x_wconf 81' lang='lat' dir='ltr'><strong>praeiarri</strong></span> <span class='ocrx_word' id='word_1_31' title='bbox 1060 801 1199 867; x_wconf 81' lang='lat' dir='ltr'><strong>debeant</strong></span> <span class='ocrx_word' id='word_1_32' title='bbox 1207 800 1240 868; x_wconf 73' lang='lat' dir='ltr'><strong>i”</strong></span> 
     </span>
     <span class='ocr_line' id='line_1_5' title="bbox 191 897 1240 989; baseline 0.006 -27"><span class='ocrx_word' id='word_1_33' title='bbox 191 899 298 964; x_wconf 76' lang='lat' dir='ltr'><strong>Affort</strong></span> <span class='ocrx_word' id='word_1_34' title='bbox 312 907 421 964; x_wconf 86' lang='lat' dir='ltr'><strong>autom</strong></span> <span class='ocrx_word' id='word_1_35' title='bbox 432 907 590 965; x_wconf 75' lang='lat' dir='ltr'><strong>annotans</strong></span> <span class='ocrx_word' id='word_1_36' title='bbox 601 897 684 966; x_wconf 78' lang='lat' dir='ltr'><strong>infra</strong></span> <span class='ocrx_word' id='word_1_37' title='bbox 693 897 849 980; x_wconf 77' lang='lat' dir='ltr'>Valesius,</span> <span class='ocrx_word' id='word_1_38' title='bbox 865 903 1012 987; x_wconf 74' lang='lat' dir='ltr'><strong>quadam</strong></span> <span class='ocrx_word' id='word_1_39' title='bbox 1023 925 1063 968; x_wconf 82' lang='lat' dir='ltr'><strong>ox</strong></span> <span class='ocrx_word' id='word_1_40' title='bbox 1075 899 1240 989; x_wconf 80' lang='lat' dir='ltr'><strong>Symeonis</strong></span> 
     </span>
     <span class='ocr_line' id='line_1_6' title="bbox 192 998 1240 1087; baseline 0.004 -23"><span class='ocrx_word' id='word_1_41' title='bbox 192 998 429 1087; x_wconf 81' lang='lat' dir='ltr'><strong>Matapbrastis</strong></span> <span class='ocrx_word' id='word_1_42' title='bbox 451 999 545 1068; x_wconf 84' lang='lat' dir='ltr'><strong>Aotis</strong></span> <span class='ocrx_word' id='word_1_43' title='bbox 561 998 661 1068; x_wconf 86' lang='lat' dir='ltr'><strong>MSS.</strong></span> <span class='ocrx_word' id='word_1_44' title='bbox 675 1003 849 1070; x_wconf 79' lang='lat' dir='ltr'><strong>aonmdem</strong></span> <span class='ocrx_word' id='word_1_45' title='bbox 870 1012 1062 1069; x_wconf 73' lang='lat' dir='ltr'><strong>sanatorum.</strong></span> <span class='ocrx_word' id='word_1_46' title='bbox 1105 1007 1240 1070; x_wconf 85' lang='lat' dir='ltr'><strong>Passum</strong></span> 
     </span>
     <span class='ocr_line' id='line_1_7' title="bbox 190 1101 1241 1192; baseline 0.008 -27"><span class='ocrx_word' id='word_1_47' title='bbox 190 1101 287 1168; x_wconf 81' lang='lat' dir='ltr'><strong>fuisso</strong></span> <span class='ocrx_word' id='word_1_48' title='bbox 301 1113 472 1191; x_wconf 81' lang='lat' dir='ltr'><strong>utrumque</strong></span> <span class='ocrx_word' id='word_1_49' title='bbox 486 1114 660 1190; x_wconf 82' lang='lat' dir='ltr'><strong>martyrem</strong></span> <span class='ocrx_word' id='word_1_50' title='bbox 675 1104 891 1184; x_wconf 70' lang='lat' dir='ltr'><strong>Alexandriae,</strong></span> <span class='ocrx_word' id='word_1_51' title='bbox 905 1105 1000 1172; x_wconf 85' lang='lat' dir='ltr'><strong>aliter</strong></span> <span class='ocrx_word' id='word_1_52' title='bbox 1019 1115 1118 1192; x_wconf 84' lang='lat' dir='ltr'><strong>atqua</strong></span> <span class='ocrx_word' id='word_1_53' title='bbox 1131 1117 1241 1173; x_wconf 84' lang='lat' dir='ltr'><strong>oousot</strong></span> 
     </span>
     <span class='ocr_line' id='line_1_8' title="bbox 191 1202 1239 1296; baseline 0.007 -27"><span class='ocrx_word' id='word_1_54' title='bbox 191 1202 346 1284; x_wconf 84' lang='lat' dir='ltr'><strong>Valesius,</strong></span> <span class='ocrx_word' id='word_1_55' title='bbox 362 1206 503 1293; x_wconf 78' lang='lat' dir='ltr'>plerique</span> <span class='ocrx_word' id='word_1_56' title='bbox 523 1215 691 1286; x_wconf 82' lang='lat' dir='ltr'><strong>statuunt3</strong></span> <span class='ocrx_word' id='word_1_57' title='bbox 716 1231 863 1294; x_wconf 83' lang='lat' dir='ltr'><strong>annoque</strong></span> <span class='ocrx_word' id='word_1_58' title='bbox 874 1225 948 1295; x_wconf 84' lang='lat'>307,</span> <span class='ocrx_word' id='word_1_59' title='bbox 963 1217 1001 1274; x_wconf 91' lang='lat' dir='ltr'><strong>ut</strong></span> <span class='ocrx_word' id='word_1_60' title='bbox 1020 1211 1127 1296; x_wconf 89' lang='lat' dir='ltr'><strong>posuit</strong></span> <span class='ocrx_word' id='word_1_61' title='bbox 1146 1206 1239 1276; x_wconf 70' lang='lat' dir='ltr'><strong>Tillo.</strong></span> 
     </span>
     <span class='ocr_line' id='line_1_9' title="bbox 190 1307 1239 1397; baseline 0.004 -27"><span class='ocrx_word' id='word_1_62' title='bbox 190 1307 341 1385; x_wconf 85' lang='lat' dir='ltr'><strong>montius,</strong></span> <span class='ocrx_word' id='word_1_63' title='bbox 362 1307 456 1373; x_wconf 82' lang='lat' dir='ltr'><strong>Mora.</strong></span> <span class='ocrx_word' id='word_1_64' title='bbox 471 1309 556 1374; x_wconf 79' lang='lat' dir='ltr'><strong>Eocl.</strong></span> <span class='ocrx_word' id='word_1_65' title='bbox 572 1310 633 1374; x_wconf 84' lang='lat' dir='ltr'><strong>vol.</strong></span> <span class='ocrx_word' id='word_1_66' title='bbox 646 1333 673 1374; x_wconf 91' lang='lat' dir='ltr'><strong>v.</strong></span> <span class='ocrx_word' id='word_1_67' title='bbox 689 1334 720 1397; x_wconf 87' lang='lat' dir='ltr'><strong>p.</strong></span> <span class='ocrx_word' id='word_1_68' title='bbox 737 1332 807 1394; x_wconf 87' lang='lat'><strong>194.</strong></span> <span class='ocrx_word' id='word_1_69' title='bbox 822 1312 873 1376; x_wconf 85' lang='lat' dir='ltr'><strong>ed.</strong></span> <span class='ocrx_word' id='word_1_70' title='bbox 892 1311 1020 1378; x_wconf 86' lang='lat' dir='ltr'><strong>Bruxol.</strong></span> <span class='ocrx_word' id='word_1_71' title='bbox 1044 1312 1078 1376; x_wconf 93' lang='lat' dir='ltr'><strong>iu</strong></span> <span class='ocrx_word' id='word_1_72' title='bbox 1100 1313 1133 1377; x_wconf 75' lang='lat' dir='ltr'><strong>S.</strong></span> <span class='ocrx_word' id='word_1_73' title='bbox 1145 1313 1239 1376; x_wconf 79' lang='lat' dir='ltr'><strong>Patro</strong></span> 
     </span>
     <span class='ocr_line' id='line_1_10' title="bbox 190 1409 1239 1495; baseline 0.003 -22"><span class='ocrx_word' id='word_1_74' title='bbox 190 1409 279 1475; x_wconf 69' lang='lat' dir='ltr'><strong>Aba.</strong></span> <span class='ocrx_word' id='word_1_75' title='bbox 294 1419 357 1476; x_wconf 84' lang='lat' dir='ltr'><strong>art.</strong></span> <span class='ocrx_word' id='word_1_76' title='bbox 367 1432 397 1495; x_wconf 91' lang='lat'><strong>9.</strong></span> <span class='ocrx_word' id='word_1_77' title='bbox 442 1413 591 1478; x_wconf 80' lang='lat' dir='ltr'><strong>Getarum</strong></span> <span class='ocrx_word' id='word_1_78' title='bbox 606 1411 791 1478; x_wconf 85' lang='lat' dir='ltr'><strong>Gallandius</strong></span> <span class='ocrx_word' id='word_1_79' title='bbox 806 1421 895 1478; x_wconf 91' lang='lat' dir='ltr'><strong>tomo</strong></span> <span class='ocrx_word' id='word_1_80' title='bbox 909 1413 948 1477; x_wconf 82' lang='lat' dir='ltr'><strong>iv.</strong></span> <span class='ocrx_word' id='word_1_81' title='bbox 968 1413 1161 1478; x_wconf 66' lang='lat' dir='ltr'><strong>Bibliotheca</strong></span> <span class='ocrx_word' id='word_1_82' title='bbox 1173 1435 1239 1478; x_wconf 84' lang='lat' dir='ltr'><strong>suae</strong></span> 
     </span>
     <span class='ocr_line' id='line_1_11' title="bbox 191 1513 1240 1599; baseline 0.004 -23"><span class='ocrx_word' id='word_1_83' title='bbox 191 1513 327 1577; x_wconf 71' lang='lat' dir='ltr'><strong>Patmos</strong></span> <span class='ocrx_word' id='word_1_84' title='bbox 345 1513 406 1578; x_wconf 88' lang='lat' dir='ltr'><strong>boa</strong></span> <span class='ocrx_word' id='word_1_85' title='bbox 423 1513 541 1580; x_wconf 80' lang='lat' dir='ltr'><strong>Pbilaae</strong></span> <span class='ocrx_word' id='word_1_86' title='bbox 561 1515 774 1599; x_wconf 78' lang='lat' dir='ltr'><strong>fragmentum</strong></span> <span class='ocrx_word' id='word_1_87' title='bbox 795 1535 862 1580; x_wconf 89' lang='lat' dir='ltr'><strong>uua</strong></span> <span class='ocrx_word' id='word_1_88' title='bbox 879 1533 951 1580; x_wconf 88' lang='lat' dir='ltr'><strong>oum</strong></span> <span class='ocrx_word' id='word_1_89' title='bbox 969 1513 1084 1580; x_wconf 75' lang='lat' dir='ltr'><strong>Volusii</strong></span> <span class='ocrx_word' id='word_1_90' title='bbox 1106 1517 1240 1580; x_wconf 68' lang='lat' dir='ltr'><strong>adnota»</strong></span> 
     </span>
     <span class='ocr_line' id='line_1_12' title="bbox 191 1613 1240 1702; baseline 0.004 -25"><span class='ocrx_word' id='word_1_91' title='bbox 191 1613 331 1679; x_wconf 72' lang='lat' dir='ltr'><strong>tionibus</strong></span> <span class='ocrx_word' id='word_1_92' title='bbox 345 1615 472 1700; x_wconf 79' lang='lat' dir='ltr'><strong>adjacit.</strong></span> <span class='ocrx_word' id='word_1_93' title='bbox 520 1614 697 1701; x_wconf 74' lang='lat' dir='ltr'><strong>Epistulam</strong></span> <span class='ocrx_word' id='word_1_94' title='bbox 712 1637 797 1694; x_wconf 85' lang='lat' dir='ltr'><strong>varo,</strong></span> <span class='ocrx_word' id='word_1_95' title='bbox 813 1639 910 1702; x_wconf 89' lang='lat' dir='ltr'><strong>quam</strong></span> <span class='ocrx_word' id='word_1_96' title='bbox 924 1615 1008 1681; x_wconf 84' lang='lat' dir='ltr'><strong>idam</strong></span> <span class='ocrx_word' id='word_1_97' title='bbox 1026 1617 1074 1682; x_wconf 89' lang='lat' dir='ltr'><strong>vir</strong></span> <span class='ocrx_word' id='word_1_98' title='bbox 1088 1616 1127 1682; x_wconf 84' lang='lat' dir='ltr'><strong>al.</strong></span> <span class='ocrx_word' id='word_1_99' title='bbox 1142 1618 1240 1701; x_wconf 79' lang='lat' dir='ltr'><strong>adpo</strong></span> 
     </span>
     <span class='ocr_line' id='line_1_13' title="bbox 190 1715 1239 1804; baseline 0.002 -24"><span class='ocrx_word' id='word_1_100' title='bbox 190 1717 255 1782; x_wconf 89' lang='lat' dir='ltr'><strong>suit</strong></span> <span class='ocrx_word' id='word_1_101' title='bbox 264 1724 403 1803; x_wconf 91' lang='lat' dir='ltr'><strong>quatuor</strong></span> <span class='ocrx_word' id='word_1_102' title='bbox 413 1717 632 1803; x_wconf 83' lang='lat' dir='ltr'><strong>episuoporum</strong></span> <span class='ocrx_word' id='word_1_103' title='bbox 643 1720 685 1783; x_wconf 84' lang='lat' dir='ltr'><strong>ad</strong></span> <span class='ocrx_word' id='word_1_104' title='bbox 699 1718 880 1797; x_wconf 85' lang='lat' dir='ltr'><strong>Malatium,</strong></span> <span class='ocrx_word' id='word_1_105' title='bbox 888 1715 1051 1804; x_wconf 84' lang='lat' dir='ltr'><strong>Hasyabii‚</strong></span> <span class='ocrx_word' id='word_1_106' title='bbox 1063 1718 1239 1794; x_wconf 88' lang='lat' dir='ltr'><strong>Paohomii,</strong></span> 
     </span>
     <span class='ocr_line' id='line_1_14' title="bbox 192 1815 1237 1906; baseline 0.003 -24"><span class='ocrx_word' id='word_1_107' title='bbox 192 1817 413 1902; x_wconf 78' lang='lat' dir='ltr'><strong>(Paobmniam</strong></span> <span class='ocrx_word' id='word_1_108' title='bbox 423 1841 537 1886; x_wconf 83' lang='lat' dir='ltr'><strong>nomeu</strong></span> <span class='ocrx_word' id='word_1_109' title='bbox 548 1820 659 1886; x_wconf 90' lang='lat' dir='ltr'><strong>soribit</strong></span> <span class='ocrx_word' id='word_1_110' title='bbox 671 1815 841 1903; x_wconf 76' lang='lat' dir='ltr'><strong>Eusebius)</strong></span> <span class='ocrx_word' id='word_1_111' title='bbox 854 1822 1034 1899; x_wconf 86' lang='lat' dir='ltr'><strong>Prodromi,</strong></span> <span class='ocrx_word' id='word_1_112' title='bbox 1046 1821 1237 1906; x_wconf 83' lang='lat' dir='ltr'><strong>Philaaequa‚</strong></span> 
     </span>
     <span class='ocr_line' id='line_1_15' title="bbox 188 1919 1239 2010; baseline 0.004 -26"><span class='ocrx_word' id='word_1_113' title='bbox 188 1920 291 2006; x_wconf 85' lang='lat' dir='ltr'><strong>ipsam</strong></span> <span class='ocrx_word' id='word_1_114' title='bbox 306 1944 370 1986; x_wconf 88' lang='lat' dir='ltr'><strong>uua</strong></span> <span class='ocrx_word' id='word_1_115' title='bbox 381 1944 453 1988; x_wconf 87' lang='lat' dir='ltr'><strong>aum</strong></span> <span class='ocrx_word' id='word_1_116' title='bbox 465 1923 566 1988; x_wconf 81' lang='lat' dir='ltr'><strong>literis</strong></span> <span class='ocrx_word' id='word_1_117' title='bbox 578 1945 601 1988; x_wconf 91' lang='lat' dir='ltr'><strong>a</strong></span> <span class='ocrx_word' id='word_1_118' title='bbox 611 1923 710 1988; x_wconf 83' lang='lat' dir='ltr'><strong>Petro</strong></span> <span class='ocrx_word' id='word_1_119' title='bbox 724 1919 767 1988; x_wconf 89' lang='lat' dir='ltr'><strong>ad</strong></span> <span class='ocrx_word' id='word_1_120' title='bbox 779 1924 1015 1991; x_wconf 77' lang='lat' dir='ltr'><strong>Alexandrinos</strong></span> <span class='ocrx_word' id='word_1_121' title='bbox 1024 1925 1239 2010; x_wconf 80' lang='lat' dir='ltr'><strong>supersadem</strong></span> 
     </span>
     <span class='ocr_line' id='line_1_16' title="bbox 189 2021 1238 2110; baseline 0 -22"><span class='ocrx_word' id='word_1_122' title='bbox 189 2044 225 2088; x_wconf 85' lang='lat' dir='ltr'><strong>ro</strong></span> <span class='ocrx_word' id='word_1_123' title='bbox 239 2023 367 2109; x_wconf 88' lang='lat' dir='ltr'><strong>soriptis</strong></span> <span class='ocrx_word' id='word_1_124' title='bbox 381 2025 455 2088; x_wconf 88' lang='lat' dir='ltr'><strong>huia</strong></span> <span class='ocrx_word' id='word_1_125' title='bbox 475 2021 535 2110; x_wconf 93' lang='lat' dir='ltr'><strong>ipsi</strong></span> <span class='ocrx_word' id='word_1_126' title='bbox 551 2021 670 2090; x_wconf 75' lang='lat' dir='ltr'><strong>Phileae</strong></span> <span class='ocrx_word' id='word_1_127' title='bbox 684 2026 864 2110; x_wconf 85' lang='lat' dir='ltr'><strong>fragmento</strong></span> <span class='ocrx_word' id='word_1_128' title='bbox 883 2024 1136 2110; x_wconf 80' lang='lat' dir='ltr'><strong>oonjuugandam</strong></span> <span class='ocrx_word' id='word_1_129' title='bbox 1153 2025 1238 2088; x_wconf 82' lang='lat' dir='ltr'><strong>duxi.</strong></span> 
     </span>
     <span class='ocr_line' id='line_1_17' title="bbox 190 2124 1238 2213; baseline 0.003 -25"><span class='ocrx_word' id='word_1_130' title='bbox 190 2124 272 2189; x_wconf 87' lang='lat' dir='ltr'><strong>Tum</strong></span> <span class='ocrx_word' id='word_1_131' title='bbox 286 2132 361 2211; x_wconf 89' lang='lat' dir='ltr'><strong>post</strong></span> <span class='ocrx_word' id='word_1_132' title='bbox 382 2124 549 2212; x_wconf 81' lang='lat' dir='ltr'><strong>epistolam</strong></span> <span class='ocrx_word' id='word_1_133' title='bbox 570 2127 685 2192; x_wconf 89' lang='lat' dir='ltr'><strong>borum</strong></span> <span class='ocrx_word' id='word_1_134' title='bbox 706 2128 877 2213; x_wconf 82' lang='lat' dir='ltr'><strong>praesulum</strong></span> <span class='ocrx_word' id='word_1_135' title='bbox 899 2128 959 2192; x_wconf 87' lang='lat' dir='ltr'><strong>hoo</strong></span> <span class='ocrx_word' id='word_1_136' title='bbox 976 2127 1088 2192; x_wconf 76' lang='lat' dir='ltr'><strong>scribit</strong></span> <span class='ocrx_word' id='word_1_137' title='bbox 1103 2129 1145 2192; x_wconf 88' lang='lat' dir='ltr'><strong>do</strong></span> <span class='ocrx_word' id='word_1_138' title='bbox 1167 2129 1238 2191; x_wconf 82' lang='lat' dir='ltr'><strong>Mo·</strong></span> 
     </span>
     <span class='ocr_line' id='line_1_18' title="bbox 188 2225 1240 2315; baseline 0.005 -25"><span class='ocrx_word' id='word_1_139' title='bbox 188 2225 265 2292; x_wconf 83' lang='lat' dir='ltr'><strong>latio</strong></span> <span class='ocrx_word' id='word_1_140' title='bbox 289 2227 482 2294; x_wconf 82' lang='lat' dir='ltr'><strong>aollootiouis</strong></span> <span class='ocrx_word' id='word_1_141' title='bbox 503 2227 662 2294; x_wconf 73' lang='lat' dir='ltr'><strong>historiam</strong></span> <span class='ocrx_word' id='word_1_142' title='bbox 684 2236 808 2306; x_wconf 83' lang='lat' dir='ltr'><strong>auctor,</strong></span> <span class='ocrx_word' id='word_1_143' title='bbox 826 2228 972 2294; x_wconf 79' lang='lat' dir='ltr'><strong>Oraaibas</strong></span> <span class='ocrx_word' id='word_1_144' title='bbox 988 2240 1090 2294; x_wconf 69' lang='lat' dir='ltr'><strong>oman</strong></span> <span class='ocrx_word' id='word_1_145' title='bbox 1110 2230 1158 2295; x_wconf 73' lang='lat' dir='ltr'><strong>aa</strong></span> <span class='ocrx_word' id='word_1_146' title='bbox 1179 2227 1240 2315; x_wconf 94' lang='grc' dir='ltr'><strong>ιμ’</strong></span> 
     </span>
     <span class='ocr_line' id='line_1_19' title="bbox 187 2329 1240 2417; baseline 0.001 -22"><span class='ocrx_word' id='word_1_147' title='bbox 187 2329 283 2416; x_wconf 77' lang='lat' dir='ltr'><strong>stupis</strong></span> <span class='ocrx_word' id='word_1_148' title='bbox 300 2330 483 2417; x_wconf 70' lang='lat' dir='ltr'><strong>presbytoris</strong></span> <span class='ocrx_word' id='word_1_149' title='bbox 503 2353 541 2396; x_wconf 87' lang='lat' dir='ltr'><strong>ao</strong></span> <span class='ocrx_word' id='word_1_150' title='bbox 561 2329 737 2396; x_wconf 74' lang='lat' dir='ltr'><strong>diaconibus</strong></span> <span class='ocrx_word' id='word_1_151' title='bbox 757 2329 961 2396; x_wconf 75' lang='lat' dir='ltr'><strong>Abaoaudrio</strong></span> <span class='ocrx_word' id='word_1_152' title='bbox 981 2332 1071 2417; x_wconf 82' lang='lat' dir='ltr'><strong>apud</strong></span> <span class='ocrx_word' id='word_1_153' title='bbox 1092 2353 1240 2396; x_wconf 68' lang='lat' dir='ltr'><strong>maceras</strong></span> 
     </span>
     <span class='ocr_line' id='line_1_20' title="bbox 188 2431 1074 2518; baseline 0.001 -22"><span class='ocrx_word' id='word_1_154' title='bbox 188 2432 372 2516; x_wconf 67' lang='lat' dir='ltr'><strong>martyriam</strong></span> <span class='ocrx_word' id='word_1_155' title='bbox 383 2433 491 2518; x_wconf 73' lang='lat' dir='ltr'><strong>paruis,</strong></span> <span class='ocrx_word' id='word_1_156' title='bbox 507 2431 655 2518; x_wconf 75' lang='lat' dir='ltr'><strong>iaprsssus</strong></span> <span class='ocrx_word' id='word_1_157' title='bbox 668 2442 709 2497; x_wconf 79' lang='lat' dir='ltr'><strong>art</strong></span> <span class='ocrx_word' id='word_1_158' title='bbox 721 2432 825 2498; x_wconf 79' lang='lat' dir='ltr'><strong>statim</strong></span> <span class='ocrx_word' id='word_1_159' title='bbox 839 2433 1074 2498; x_wconf 67' lang='lat' dir='ltr'><strong>namtarum.</strong></span> 
     </span>
    </p>

    <p class='ocr_par' dir='ltr' id='par_1_3' title="bbox 187 2533 1240 3540">
     <span class='ocr_line' id='line_1_21' title="bbox 234 2533 1238 2620; baseline 0.001 -23"><span class='ocrx_word' id='word_1_160' title='bbox 234 2533 269 2599; x_wconf 93' lang='lat' dir='ltr'><strong>P.</strong></span> <span class='ocrx_word' id='word_1_161' title='bbox 283 2535 334 2616; x_wconf 86' lang='lat'><strong>87.</strong></span> <span class='ocrx_word' id='word_1_162' title='bbox 353 2534 373 2599; x_wconf 96' lang='lat' dir='ltr'><strong>l.</strong></span> <span class='ocrx_word' id='word_1_163' title='bbox 387 2537 417 2599; x_wconf 86' lang='lat'><strong>6.</strong></span> <span class='ocrx_word' id='word_1_164' title='bbox 441 2533 519 2600; x_wconf 83' lang='grc' dir='ltr'><strong>Ἀπὸ</strong></span> <span class='ocrx_word' id='word_1_165' title='bbox 545 2541 604 2601; x_wconf 82' lang='grc' dir='ltr'><strong>τῶν</strong></span> <span class='ocrx_word' id='word_1_166' title='bbox 629 2536 742 2601; x_wconf 83' lang='grc' dir='ltr'><strong><em>Φιλέου</em></strong></span> <span class='ocrx_word' id='word_1_167' title='bbox 767 2537 841 2619; x_wconf 75' lang='grc' dir='ltr'>πρὸς</span> <span class='ocrx_word' id='word_1_168' title='bbox 866 2534 1018 2616; x_wconf 72' lang='grc' dir='ltr'><strong>Θμουΐτας</strong></span> <span class='ocrx_word' id='word_1_169' title='bbox 1042 2533 1238 2620; x_wconf 75' lang='grc' dir='ltr'><strong><em>γραμμάτων]</em></strong></span> 
     </span>
     <span class='ocr_line' id='line_1_22' title="bbox 190 2632 1238 2723; baseline 0 -23"><span class='ocrx_word' id='word_1_170' title='bbox 190 2632 272 2703; x_wconf 83' lang='lat' dir='ltr'><strong>Haeo</strong></span> <span class='ocrx_word' id='word_1_171' title='bbox 298 2637 395 2702; x_wconf 83' lang='lat' dir='ltr'><strong>verba</strong></span> <span class='ocrx_word' id='word_1_172' title='bbox 419 2637 602 2723; x_wconf 76' lang='lat' dir='ltr'><strong>majusculis</strong></span> <span class='ocrx_word' id='word_1_173' title='bbox 626 2638 727 2703; x_wconf 83' lang='lat' dir='ltr'><strong>litoris</strong></span> <span class='ocrx_word' id='word_1_174' title='bbox 752 2638 920 2703; x_wconf 78' lang='lat' dir='ltr'><strong>scribenda</strong></span> <span class='ocrx_word' id='word_1_175' title='bbox 946 2644 1021 2702; x_wconf 89' lang='lat' dir='ltr'><strong>sunt</strong></span> <span class='ocrx_word' id='word_1_176' title='bbox 1045 2639 1088 2703; x_wconf 93' lang='lat' dir='ltr'><strong>ad</strong></span> <span class='ocrx_word' id='word_1_177' title='bbox 1109 2637 1238 2702; x_wconf 84' lang='lat' dir='ltr'><strong>distino-</strong></span> 
     </span>
     <span class='ocr_line' id='line_1_23' title="bbox 188 2737 1238 2827; baseline -0.002 -22"><span class='ocrx_word' id='word_1_178' title='bbox 188 2737 319 2805; x_wconf 84' lang='lat' dir='ltr'><strong>tiouam.</strong></span> <span class='ocrx_word' id='word_1_179' title='bbox 354 2740 399 2807; x_wconf 86' lang='lat' dir='ltr'><strong>Et</strong></span> <span class='ocrx_word' id='word_1_180' title='bbox 414 2740 447 2805; x_wconf 91' lang='lat' dir='ltr'><strong>in</strong></span> <span class='ocrx_word' id='word_1_181' title='bbox 462 2741 563 2827; x_wconf 79' lang='lat' dir='ltr'><strong>Ragio</strong></span> <span class='ocrx_word' id='word_1_182' title='bbox 577 2742 704 2826; x_wconf 84' lang='lat' dir='ltr'><strong>quidam</strong></span> <span class='ocrx_word' id='word_1_183' title='bbox 719 2742 827 2807; x_wconf 85' lang='lat' dir='ltr'><strong>oodioo</strong></span> <span class='ocrx_word' id='word_1_184' title='bbox 843 2763 864 2805; x_wconf 89' lang='lat' dir='ltr'><strong>a</strong></span> <span class='ocrx_word' id='word_1_185' title='bbox 878 2740 999 2827; x_wconf 78' lang='lat' dir='ltr'><strong>reliquo</strong></span> <span class='ocrx_word' id='word_1_186' title='bbox 1009 2748 1102 2805; x_wconf 80' lang='lat' dir='ltr'><strong>textu</strong></span> <span class='ocrx_word' id='word_1_187' title='bbox 1114 2738 1238 2803; x_wconf 87' lang='lat' dir='ltr'><strong>modioo</strong></span> 
     </span>
     <span class='ocr_line' id='line_1_24' title="bbox 188 2840 1240 2930; baseline 0 -23"><span class='ocrx_word' id='word_1_188' title='bbox 188 2843 354 2909; x_wconf 63' lang='lat' dir='ltr'><strong>intervallo</strong></span> <span class='ocrx_word' id='word_1_189' title='bbox 376 2850 576 2930; x_wconf 82' lang='lat' dir='ltr'><strong>separantur.</strong></span> <span class='ocrx_word' id='word_1_190' title='bbox 620 2844 660 2908; x_wconf 94' lang='lat' dir='ltr'><strong>In</strong></span> <span class='ocrx_word' id='word_1_191' title='bbox 681 2844 841 2909; x_wconf 82' lang='lat' dir='ltr'><strong>Modioaeo</strong></span> <span class='ocrx_word' id='word_1_192' title='bbox 862 2850 971 2909; x_wconf 86' lang='lat' dir='ltr'><strong>autom</strong></span> <span class='ocrx_word' id='word_1_193' title='bbox 990 2842 1072 2907; x_wconf 88' lang='lat' dir='ltr'><strong>libro</strong></span> <span class='ocrx_word' id='word_1_194' title='bbox 1092 2840 1240 2907; x_wconf 86' lang='lat' dir='ltr'><strong>looautur</strong></span> 
     </span>
     <span class='ocr_line' id='line_1_25' title="bbox 187 2942 1235 3031; baseline -0.003 -21"><span class='ocrx_word' id='word_1_195' title='bbox 187 2945 231 3010; x_wconf 81' lang='lat' dir='ltr'><strong>ad</strong></span> <span class='ocrx_word' id='word_1_196' title='bbox 253 2944 447 3031; x_wconf 80' lang='lat' dir='ltr'><strong>marginum:</strong></span> <span class='ocrx_word' id='word_1_197' title='bbox 474 2946 508 3009; x_wconf 94' lang='lat' dir='ltr'><strong>in</strong></span> <span class='ocrx_word' id='word_1_198' title='bbox 523 2945 691 3011; x_wconf 79' lang='lat' dir='ltr'><strong>Mazariuo</strong></span> <span class='ocrx_word' id='word_1_199' title='bbox 712 2951 746 3010; x_wconf 84' lang='lat' dir='ltr'><strong>at</strong></span> <span class='ocrx_word' id='word_1_200' title='bbox 767 2944 884 3011; x_wconf 86' lang='lat' dir='ltr'><strong>Fukat.</strong></span> <span class='ocrx_word' id='word_1_201' title='bbox 905 2942 1014 3009; x_wconf 84' lang='lat' dir='ltr'><strong>oodioo</strong></span> <span class='ocrx_word' id='word_1_202' title='bbox 1032 2944 1235 3009; x_wconf 83' lang='lat' dir='ltr'><strong>omittuntur.</strong></span> 
     </span>
     <span class='ocr_line' id='line_1_26' title="bbox 189 3043 1237 3133; baseline 0 -22"><span class='ocrx_word' id='word_1_203' title='bbox 189 3043 250 3111; x_wconf 80' lang='lat' dir='ltr'><strong>Est</strong></span> <span class='ocrx_word' id='word_1_204' title='bbox 264 3054 373 3111; x_wconf 83' lang='lat' dir='ltr'><strong>autom</strong></span> <span class='ocrx_word' id='word_1_205' title='bbox 387 3046 519 3111; x_wconf 84' lang='lat' dir='ltr'><strong>Thmuis</strong></span> <span class='ocrx_word' id='word_1_206' title='bbox 533 3048 610 3111; x_wconf 91' lang='lat' dir='ltr'><strong>urbs</strong></span> <span class='ocrx_word' id='word_1_207' title='bbox 625 3048 863 3133; x_wconf 84' lang='lat' dir='ltr'><strong>Augustauioae.</strong></span> <span class='ocrx_word' id='word_1_208' title='bbox 895 3046 982 3110; x_wconf 87' lang='lat' dir='ltr'><strong>Hiuo</strong></span> <span class='ocrx_word' id='word_1_209' title='bbox 996 3047 1080 3131; x_wconf 90' lang='lat' dir='ltr'><strong>apud</strong></span> <span class='ocrx_word' id='word_1_210' title='bbox 1096 3044 1237 3131; x_wconf 84' lang='lat' dir='ltr'><strong>Epipha-</strong></span> 
     </span>
     <span class='ocr_line' id='line_1_27' title="bbox 188 3146 1239 3229; baseline 0.004 -18"><span class='ocrx_word' id='word_1_211' title='bbox 188 3146 275 3211; x_wconf 90' lang='lat' dir='ltr'><strong>nium</strong></span> <span class='ocrx_word' id='word_1_212' title='bbox 288 3148 321 3212; x_wconf 91' lang='lat' dir='ltr'><strong>in</strong></span> <span class='ocrx_word' id='word_1_213' title='bbox 336 3148 449 3213; x_wconf 82' lang='lat' dir='ltr'><strong>haerosi</strong></span> <span class='ocrx_word' id='word_1_214' title='bbox 463 3148 669 3215; x_wconf 76' lang='lat' dir='ltr'><strong>Samiariana.</strong></span> <span class='ocrx_word' id='word_1_215' title='bbox 710 3155 899 3229; x_wconf 75' lang='grc' dir='ltr'>Πτολεμαῖος</span> <span class='ocrx_word' id='word_1_216' title='bbox 913 3150 1075 3215; x_wconf 71' lang='grc' dir='ltr'>ἐπίσκοπος</span> <span class='ocrx_word' id='word_1_217' title='bbox 1095 3150 1239 3227; x_wconf 72' lang='grc' dir='ltr'><strong>Θμούεως</strong></span> 
     </span>
     <span class='ocr_line' id='line_1_28' title="bbox 189 3248 1239 3331; baseline 0.001 -19"><span class='ocrx_word' id='word_1_218' title='bbox 189 3250 434 3331; x_wconf 58' lang='lat' dir='ltr'><strong>stymmata.</strong></span> <span class='ocrx_word' id='word_1_219' title='bbox 451 3249 612 3316; x_wconf 75' lang='lat' dir='ltr'><strong>Vaussrus.</strong></span> <span class='ocrx_word' id='word_1_220' title='bbox 650 3251 776 3317; x_wconf 89' lang='lat' dir='ltr'><strong>Omissa</strong></span> <span class='ocrx_word' id='word_1_221' title='bbox 791 3252 888 3315; x_wconf 84' lang='lat' dir='ltr'><strong>verba</strong></span> <span class='ocrx_word' id='word_1_222' title='bbox 902 3257 977 3313; x_wconf 83' lang='lat' dir='ltr'><strong>suut</strong></span> <span class='ocrx_word' id='word_1_223' title='bbox 991 3248 1025 3313; x_wconf 92' lang='lat' dir='ltr'><strong>in</strong></span> <span class='ocrx_word' id='word_1_224' title='bbox 1038 3248 1126 3313; x_wconf 75' lang='lat' dir='ltr'><strong>codd.</strong></span> <span class='ocrx_word' id='word_1_225' title='bbox 1139 3249 1239 3313; x_wconf 74' lang='lat' dir='ltr'><strong>duvii.</strong></span> 
     </span>
     <span class='ocr_line' id='line_1_29' title="bbox 188 3350 1238 3439; baseline -0.001 -24"><span class='ocrx_word' id='word_1_226' title='bbox 188 3372 244 3415; x_wconf 85' lang='lat' dir='ltr'><strong>sau</strong></span> <span class='ocrx_word' id='word_1_227' title='bbox 259 3350 350 3417; x_wconf 77' lang='lat' dir='ltr'><strong>Badt.</strong></span> <span class='ocrx_word' id='word_1_228' title='bbox 365 3359 465 3437; x_wconf 81' lang='lat' dir='ltr'><strong>atque</strong></span> <span class='ocrx_word' id='word_1_229' title='bbox 478 3354 618 3439; x_wconf 71' lang='lat' dir='ltr'><strong>Norsob.</strong></span> <span class='ocrx_word' id='word_1_230' title='bbox 664 3354 728 3419; x_wconf 88' lang='lat' dir='ltr'><strong>Sod</strong></span> <span class='ocrx_word' id='word_1_231' title='bbox 747 3356 790 3420; x_wconf 91' lang='lat' dir='ltr'><strong>ad</strong></span> <span class='ocrx_word' id='word_1_232' title='bbox 808 3375 882 3419; x_wconf 88' lang='lat' dir='ltr'><strong>oras</strong></span> <span class='ocrx_word' id='word_1_233' title='bbox 900 3351 1035 3415; x_wconf 90' lang='lat' dir='ltr'><strong>aliorum</strong></span> <span class='ocrx_word' id='word_1_234' title='bbox 1049 3352 1083 3415; x_wconf 92' lang='lat' dir='ltr'><strong>iu</strong></span> <span class='ocrx_word' id='word_1_235' title='bbox 1103 3351 1238 3417; x_wconf 87' lang='lat' dir='ltr'><strong>Burtoni</strong></span> 
     </span>
     <span class='ocr_line' id='line_1_30' title="bbox 187 3452 685 3540; baseline 0.006 -23"><span class='ocrx_word' id='word_1_236' title='bbox 187 3473 263 3517; x_wconf 89' lang='lat' dir='ltr'><strong>usus</strong></span> <span class='ocrx_word' id='word_1_237' title='bbox 277 3452 464 3518; x_wconf 87' lang='lat' dir='ltr'><strong>oollatorum</strong></span> <span class='ocrx_word' id='word_1_238' title='bbox 480 3456 585 3540; x_wconf 87' lang='lat' dir='ltr'><strong>posita</strong></span> <span class='ocrx_word' id='word_1_239' title='bbox 599 3464 685 3523; x_wconf 89' lang='lat' dir='ltr'><strong>sunt.</strong></span> 
     </span>
    </p>

    <p class='ocr_par' dir='ltr' id='par_1_4' title="bbox 187 3554 1239 4054">
     <span class='ocr_line' id='line_1_31' title="bbox 234 3554 1237 3646; baseline 0.006 -29"><span class='ocrx_word' id='word_1_240' title='bbox 234 3554 317 3620; x_wconf 79' lang='lat' dir='ltr'><strong>ibid.</strong></span> <span class='ocrx_word' id='word_1_241' title='bbox 341 3554 362 3618; x_wconf 91' lang='grc' dir='ltr'><strong>Ι.</strong></span> <span class='ocrx_word' id='word_1_242' title='bbox 378 3576 410 3639; x_wconf 90' lang='grc'><strong>9.</strong></span> <span class='ocrx_word' id='word_1_243' title='bbox 439 3558 526 3621; x_wconf 66' lang='grc' dir='ltr'>οὐδὲν</span> <span class='ocrx_word' id='word_1_244' title='bbox 559 3558 781 3646; x_wconf 77' lang='grc' dir='ltr'><strong>μελλήσαντες]</strong></span> <span class='ocrx_word' id='word_1_245' title='bbox 821 3558 1007 3639; x_wconf 64' lang='lat' dir='ltr'><strong>petrinam&amp;</strong></span> <span class='ocrx_word' id='word_1_246' title='bbox 1043 3558 1092 3623; x_wconf 85' lang='lat' dir='ltr'><strong>od.</strong></span> <span class='ocrx_word' id='word_1_247' title='bbox 1126 3557 1237 3643; x_wconf 79' lang='lat' dir='ltr'><strong>steph.</strong></span> 
     </span>
     <span class='ocr_line' id='line_1_32' title="bbox 188 3656 1238 3747; baseline 0.005 -26"><span class='ocrx_word' id='word_1_248' title='bbox 188 3656 298 3721; x_wconf 84' lang='lat' dir='ltr'><strong>Sariba</strong></span> <span class='ocrx_word' id='word_1_249' title='bbox 312 3658 520 3738; x_wconf 56' lang='lat' dir='ltr'><strong>pendeamus</strong></span> <span class='ocrx_word' id='word_1_250' title='bbox 534 3667 572 3724; x_wconf 86' lang='lat' dir='ltr'><strong>ut</strong></span> <span class='ocrx_word' id='word_1_251' title='bbox 585 3660 701 3747; x_wconf 80' lang='lat' dir='ltr'><strong>legitur</strong></span> <span class='ocrx_word' id='word_1_252' title='bbox 720 3661 752 3724; x_wconf 92' lang='lat' dir='ltr'><strong>iu</strong></span> <span class='ocrx_word' id='word_1_253' title='bbox 768 3660 876 3725; x_wconf 87' lang='lat' dir='ltr'><strong>oodioo</strong></span> <span class='ocrx_word' id='word_1_254' title='bbox 892 3660 982 3724; x_wconf 81' lang='lat' dir='ltr'><strong>Mod.</strong></span> <span class='ocrx_word' id='word_1_255' title='bbox 1000 3660 1088 3725; x_wconf 88' lang='lat' dir='ltr'><strong>Maz.</strong></span> <span class='ocrx_word' id='word_1_256' title='bbox 1106 3660 1189 3725; x_wconf 87' lang='lat' dir='ltr'><strong>Fuk.</strong></span> <span class='ocrx_word' id='word_1_257' title='bbox 1204 3670 1238 3726; x_wconf 87' lang='lat' dir='ltr'><strong>ot</strong></span> 
     </span>
     <span class='ocr_line' id='line_1_33' title="bbox 189 3758 1238 3848; baseline 0.003 -26"><span class='ocrx_word' id='word_1_258' title='bbox 189 3758 284 3823; x_wconf 84' lang='lat' dir='ltr'><strong>Savil.</strong></span> <span class='ocrx_word' id='word_1_259' title='bbox 330 3759 421 3825; x_wconf 83' lang='lat' dir='ltr'><strong>Idem</strong></span> <span class='ocrx_word' id='word_1_260' title='bbox 436 3782 525 3825; x_wconf 88' lang='lat' dir='ltr'><strong>orror</strong></span> <span class='ocrx_word' id='word_1_261' title='bbox 539 3784 636 3848; x_wconf 87' lang='lat' dir='ltr'><strong>supra</strong></span> <span class='ocrx_word' id='word_1_262' title='bbox 650 3762 682 3826; x_wconf 92' lang='lat' dir='ltr'><strong>iu</strong></span> <span class='ocrx_word' id='word_1_263' title='bbox 698 3784 767 3848; x_wconf 87' lang='lat' dir='ltr'><strong>oap.</strong></span> <span class='ocrx_word' id='word_1_264' title='bbox 779 3786 811 3841; x_wconf 81' lang='lat'><strong>4.</strong></span> <span class='ocrx_word' id='word_1_265' title='bbox 827 3762 921 3848; x_wconf 90' lang='lat' dir='ltr'><strong>hujus</strong></span> <span class='ocrx_word' id='word_1_266' title='bbox 932 3762 1003 3827; x_wconf 91' lang='lat' dir='ltr'><strong>libri</strong></span> <span class='ocrx_word' id='word_1_267' title='bbox 1014 3784 1054 3827; x_wconf 86' lang='lat' dir='ltr'><strong>ax</strong></span> <span class='ocrx_word' id='word_1_268' title='bbox 1066 3762 1238 3827; x_wconf 81' lang='lat' dir='ltr'><strong>eorundum</strong></span> 
     </span>
     <span class='ocr_line' id='line_1_34' title="bbox 188 3860 1239 3941; baseline 0.004 -16"><span class='ocrx_word' id='word_1_269' title='bbox 188 3860 331 3925; x_wconf 86' lang='lat' dir='ltr'><strong>oodioum</strong></span> <span class='ocrx_word' id='word_1_270' title='bbox 344 3862 538 3929; x_wconf 76' lang='lat' dir='ltr'><strong>auctoritato</strong></span> <span class='ocrx_word' id='word_1_271' title='bbox 552 3888 572 3930; x_wconf 88' lang='lat' dir='ltr'><strong>a</strong></span> <span class='ocrx_word' id='word_1_272' title='bbox 587 3866 679 3930; x_wconf 91' lang='lat' dir='ltr'><strong>uobis</strong></span> <span class='ocrx_word' id='word_1_273' title='bbox 698 3867 887 3931; x_wconf 84' lang='lat' dir='ltr'><strong>amandatus</strong></span> <span class='ocrx_word' id='word_1_274' title='bbox 903 3875 962 3941; x_wconf 83' lang='lat' dir='ltr'><strong>ast,</strong></span> <span class='ocrx_word' id='word_1_275' title='bbox 978 3873 1012 3930; x_wconf 85' lang='lat' dir='ltr'><strong>at</strong></span> <span class='ocrx_word' id='word_1_276' title='bbox 1026 3887 1137 3931; x_wconf 85' lang='lat' dir='ltr'><strong>rursus</strong></span> <span class='ocrx_word' id='word_1_277' title='bbox 1156 3865 1239 3929; x_wconf 81' lang='lat' dir='ltr'><strong>inira</strong></span> 
     </span>
     <span class='ocr_line' id='line_1_35' title="bbox 187 3960 1023 4054; baseline 0.006 -28"><span class='ocrx_word' id='word_1_278' title='bbox 187 3960 221 4026; x_wconf 90' lang='lat' dir='ltr'><strong>iu</strong></span> <span class='ocrx_word' id='word_1_279' title='bbox 235 3962 295 4028; x_wconf 86' lang='lat' dir='ltr'><strong>bau</strong></span> <span class='ocrx_word' id='word_1_280' title='bbox 312 3964 431 4029; x_wconf 70' lang='lat' dir='ltr'><strong>Phileas</strong></span> <span class='ocrx_word' id='word_1_281' title='bbox 447 3964 601 4051; x_wconf 86' lang='lat' dir='ltr'><strong>Epistola.</strong></span> <span class='ocrx_word' id='word_1_282' title='bbox 618 3970 664 4054; x_wconf 93' lang='lat' dir='ltr'><strong>(p.</strong></span> <span class='ocrx_word' id='word_1_283' title='bbox 676 3969 750 4053; x_wconf 83' lang='lat'><strong>381.</strong></span> <span class='ocrx_word' id='word_1_284' title='bbox 767 3967 788 4032; x_wconf 94' lang='grc' dir='ltr'><strong>Ι.</strong></span> <span class='ocrx_word' id='word_1_285' title='bbox 797 3969 847 4053; x_wconf 92' lang='grc'><strong>4.)</strong></span> <span class='ocrx_word' id='word_1_286' title='bbox 863 3968 1023 4031; x_wconf 73' lang='lat' dir='ltr'><strong>Vanusrus.</strong></span> 
     </span>
    </p>

    <p class='ocr_par' dir='ltr' id='par_1_5' title="bbox 233 4064 1238 4157">
     <span class='ocr_line' id='line_1_36' title="bbox 233 4064 1238 4157; baseline 0.006 -30"><span class='ocrx_word' id='word_1_287' title='bbox 233 4064 317 4130; x_wconf 87' lang='lat' dir='ltr'><strong>Ibid.</strong></span> <span class='ocrx_word' id='word_1_288' title='bbox 334 4069 363 4131; x_wconf 75' lang='grc' dir='ltr'><strong>οἱ</strong></span> <span class='ocrx_word' id='word_1_289' title='bbox 383 4068 523 4150; x_wconf 75' lang='grc' dir='ltr'><strong>μακάριοι</strong></span> <span class='ocrx_word' id='word_1_290' title='bbox 540 4072 597 4135; x_wconf 74' lang='grc' dir='ltr'><strong>σὺν</strong></span> <span class='ocrx_word' id='word_1_291' title='bbox 618 4072 687 4151; x_wconf 80' lang='grc' dir='ltr'><strong>ἡμῖν</strong></span> <span class='ocrx_word' id='word_1_292' title='bbox 706 4069 865 4155; x_wconf 76' lang='grc' dir='ltr'><strong><em>μάρτυρες]</em></strong></span> <span class='ocrx_word' id='word_1_293' title='bbox 881 4070 933 4134; x_wconf 82' lang='lat' dir='ltr'><strong>Ex</strong></span> <span class='ocrx_word' id='word_1_294' title='bbox 953 4080 1045 4136; x_wconf 81' lang='lat' dir='ltr'><strong>textu</strong></span> <span class='ocrx_word' id='word_1_295' title='bbox 1063 4070 1141 4157; x_wconf 84' lang='lat' dir='ltr'><strong>ejooi</strong></span> <span class='ocrx_word' id='word_1_296' title='bbox 1161 4070 1238 4135; x_wconf 79' lang='lat' dir='ltr'><strong>arti·</strong></span> 
     </span>
    </p>
   </div>
   <div class='ocr_carea' id='block_1_3' title="bbox 185 4165 1237 4458">
    <p class='ocr_par' dir='ltr' id='par_1_6' title="bbox 185 4165 1237 4458">
     <span class='ocr_line' id='line_1_37' title="bbox 186 4165 1236 4256; baseline 0.003 -25"><span class='ocrx_word' id='word_1_297' title='bbox 186 4165 292 4233; x_wconf 82' lang='lat' dir='ltr'><strong>ouium</strong></span> <span class='ocrx_word' id='word_1_298' title='bbox 313 4170 343 4231; x_wconf 80' lang='lat' dir='ltr'><strong>ot</strong></span> <span class='ocrx_word' id='word_1_299' title='bbox 364 4176 441 4235; x_wconf 86' lang='lat' dir='ltr'><strong>anta</strong></span> <span class='ocrx_word' id='word_1_300' title='bbox 463 4170 523 4235; x_wconf 67' lang='lat' dir='ltr'><strong>ata</strong></span> <span class='ocrx_word' id='word_1_301' title='bbox 538 4172 618 4252; x_wconf 81' lang='grc' dir='ltr'><strong><em>ἡμῖν,</em></strong></span> <span class='ocrx_word' id='word_1_302' title='bbox 633 4194 727 4256; x_wconf 84' lang='lat' dir='ltr'><strong>quam</strong></span> <span class='ocrx_word' id='word_1_303' title='bbox 747 4173 850 4237; x_wconf 81' lang='lat' dir='ltr'><strong>noscit</strong></span> <span class='ocrx_word' id='word_1_304' title='bbox 864 4172 929 4237; x_wconf 77' lang='lat' dir='ltr'><strong>aod.</strong></span> <span class='ocrx_word' id='word_1_305' title='bbox 949 4172 1041 4237; x_wconf 78' lang='lat' dir='ltr'><strong>Bodt.</strong></span> <span class='ocrx_word' id='word_1_306' title='bbox 1059 4194 1115 4237; x_wconf 85' lang='lat' dir='ltr'><strong>sau</strong></span> <span class='ocrx_word' id='word_1_307' title='bbox 1137 4172 1236 4236; x_wconf 72' lang='lat' dir='ltr'><strong>savit.</strong></span> 
     </span>
     <span class='ocr_line' id='line_1_38' title="bbox 187 4267 1237 4357; baseline 0.006 -26"><span class='ocrx_word' id='word_1_308' title='bbox 187 4267 281 4335; x_wconf 87' lang='lat' dir='ltr'><strong>Nuno</strong></span> <span class='ocrx_word' id='word_1_309' title='bbox 308 4270 337 4335; x_wconf 82' lang='lat' dir='ltr'><strong>si</strong></span> <span class='ocrx_word' id='word_1_310' title='bbox 362 4272 455 4337; x_wconf 80' lang='lat' dir='ltr'><strong>addit</strong></span> <span class='ocrx_word' id='word_1_311' title='bbox 481 4270 644 4339; x_wconf 88' lang='lat' dir='ltr'><strong>Burtouus</strong></span> <span class='ocrx_word' id='word_1_312' title='bbox 669 4274 756 4337; x_wconf 77' lang='lat' dir='ltr'><strong>codd.</strong></span> <span class='ocrx_word' id='word_1_313' title='bbox 778 4275 864 4339; x_wconf 78' lang='lat' dir='ltr'><strong>Mad.</strong></span> <span class='ocrx_word' id='word_1_314' title='bbox 892 4276 979 4339; x_wconf 75' lang='grc' dir='ltr'><strong>Μαι.</strong></span> <span class='ocrx_word' id='word_1_315' title='bbox 1006 4276 1116 4340; x_wconf 70' lang='lat' dir='ltr'><strong>Faka.</strong></span> <span class='ocrx_word' id='word_1_316' title='bbox 1142 4276 1237 4357; x_wconf 84' lang='lat' dir='ltr'><strong>Nors.</strong></span> 
     </span>
     <span class='ocr_line' id='line_1_39' title="bbox 185 4370 450 4458; baseline 0.008 -23"><span class='ocrx_word' id='word_1_317' title='bbox 185 4370 450 4458; x_wconf 61' lang='lat' dir='ltr'><strong>staminaque.</strong></span> 
     </span>
    </p>
   </div>
   <div class='ocr_carea' id='block_1_4' title="bbox 232 4494 724 4542">
    <p class='ocr_par' dir='ltr' id='par_1_7' title="bbox 232 4494 724 4542">
     <span class='ocr_line' id='line_1_40' title="bbox 232 4494 724 4542; baseline 0.016 -8"><span class='ocrx_word' id='word_1_318' title='bbox 232 4494 299 4536; x_wconf 81' lang='lat' dir='ltr'><strong>VOL·</strong></span> <span class='ocrx_word' id='word_1_319' title='bbox 316 4498 360 4537; x_wconf 77' lang='lat' dir='ltr'><strong>lv·</strong></span> <span class='ocrx_word' id='word_1_320' title='bbox 706 4502 724 4542; x_wconf 96' lang='lat'>0</span> 
     </span>
    </p>
   </div>
   <div class='ocr_carea' id='block_1_5' title="bbox 0 0 1626 5150">
    <p class='ocr_par' dir='ltr' id='par_1_8' title="bbox 0 0 1626 5150">
     <span class='ocr_line' id='line_1_41' title="bbox 0 0 1626 5150; baseline 0 1"><span class='ocrx_word' id='word_1_321' title='bbox 0 0 1626 5150; x_wconf 95' lang='lat' dir='ltr'><strong> </strong></span> 
     </span>
    </p>
   </div>
  </div>
 </body>
</html>
