3242 5150
625 428 657 491 S.
676 428 897 493 PHILEAS.
1237 428 1279 496 93

230 601 338 675 batur,
365 603 553 682 oportuerat
578 617 616 659 ex
644 595 760 681 populo
792 617 973 682 properare,
1000 619 1038 660 ac
1068 620 1126 661 nos
1152 597 1280 681 exigere

231 710 355 774 merito.
400 706 464 771 Sed
479 705 622 770 sciebant
642 728 675 770 se
696 707 913 771 ministrorum
933 729 996 771 non
1017 729 1085 772 esse
1105 730 1230 794 egenos,
1247 717 1280 772 et

232 821 304 884 ideo
314 820 356 884 ad
368 820 426 882 hos
437 819 592 902 petendos
607 839 670 883 non
680 827 902 902 pervenerunt.
938 819 1100 897 Sciebant,
1117 820 1202 905 quod
1214 842 1280 883 mo·

233 939 344 994 nentes
355 951 410 992 eos
421 929 462 992 ab
471 931 538 1011 (for.
546 927 601 1010 de)
612 928 673 992 hac
685 927 887 1012 inquisitione
898 940 956 993 aut
965 929 1215 1007 dimittebaurus,
1224 938 1282 994 aut

233 1062 304 1104 cum
320 1039 405 1102 omni
417 1038 663 1123 scrupulositate
674 1037 783 1115 fiebat,
795 1040 880 1122 quod
893 1039 970 1103 utile
983 1039 1169 1116 videbatur3
1185 1039 1282 1104 fiebat

206 1150 317 1227 senim
346 1151 405 1214 sub
431 1157 597 1234 arguente,
622 1163 656 1212 et
679 1149 711 1210 in
742 1149 888 1213 manibus
917 1148 1078 1234 probitate
1107 1149 1283 1214 constituta

232 1261 445 1345 cogitabatur.
477 1259 526 1323 Tu
542 1266 650 1324 autem
663 1267 730 1323 tam
744 1259 850 1324 viliter
866 1260 927 1342 (for
949 1258 1115 1337 inutiliter,
1130 1264 1189 1324 vid.
1205 1259 1281 1339 not.)

234 1372 444 1456 quorumdam
460 1370 665 1434 considerans
684 1369 887 1454 deceptiones
908 1378 942 1434 et
964 1369 1071 1434 inania
1085 1370 1193 1448 verba,
1209 1370 1281 1434 sub·

234 1487 344 1566 neptus
359 1480 400 1543 ad
416 1479 633 1543 ordinationes
650 1478 835 1563 prosiluisti.
882 1478 915 1542 Si
936 1478 1020 1543 enim
1040 1478 1283 1564 adstringebant

234 1590 475 1655 circumstantes
509 1598 553 1668 te,
582 1599 616 1654 et
645 1589 887 1674 compellebant,
917 1588 1102 1674 ignorantes
1140 1589 1283 1652 ordinem

189 1701 490 1774 ¹0ecclesinsticum,
515 1707 704 1783 oportuerat
736 1709 769 1764 te
800 1707 985 1785 sequentem
1014 1701 1156 1785 regulam
1184 1699 1285 1764 literis

235 1834 294 1876 nos
330 1812 472 1888 edocere,
508 1819 542 1875 et
581 1811 640 1888 ita,
682 1811 767 1894 quod
796 1809 946 1895 expedire
982 1810 1151 1874 videbatur
1186 1810 1285 1875 fiebat

237 1929 308 2006 (for.
329 1923 431 1998 fieret,
447 1926 503 1988 vel,
521 1921 615 2002 lieri).
657 1921 691 1986 Si
713 1921 796 1986 forte
817 1920 946 2005 quidam
968 1921 1204 2004 persuadebant
1224 1920 1285 1984 tibi

236 2032 386 2107 dicentes,
411 2030 451 2094 de
474 2029 565 2094 nobis
587 2029 682 2094 finem
704 2051 772 2094 csse
794 2028 934 2105 lactum3
960 2031 1046 2114 quod
1067 2052 1125 2093 nec
1145 2030 1204 2094 tibi
1224 2031 1285 2115 ipsi

236 2153 308 2208 erat
322 2143 473 2227 ignotum,
485 2142 570 2226 quod
580 2149 687 2206 essent
701 2141 794 2205 multi
802 2149 915 2206 euntes
930 2153 962 2205 et
975 2143 1146 2207 redeuntes
1159 2143 1201 2206 ad
1216 2164 1284 2218 nos,

193 2287 203 2324 ι
209 2286 226 2342 5
237 2254 290 2340 qui
305 2260 456 2339 poterant
470 2251 618 2324 risitare;
643 2251 703 2316 etsi
719 2251 779 2316 hoc
793 2251 915 2330 fuisset,
927 2252 1098 2336 oportebat
1108 2261 1142 2318 te
1156 2253 1287 2339 majoris

236 2362 338 2450 patris
354 2368 525 2447 expectare
537 2360 689 2445 judicium
705 2369 738 2425 et
758 2361 853 2444 hujus
872 2361 918 2424 rei
936 2361 1183 2445 permissionem.
1222 2361 1285 2424 Sed

236 2472 349 2535 horum
370 2469 446 2534 nihil
462 2470 616 2556 cogitans,
632 2478 666 2534 et
686 2470 772 2534 aliud
793 2492 937 2555 sperans,
953 2471 1050 2534 inuno
1069 2470 1170 2556 magis
1185 2471 1286 2534 nostri

238 2604 345 2647 curam
361 2603 424 2645 non
444 2602 569 2666 gerens,
585 2581 774 2666 praepositos
789 2581 943 2665 quosdam
963 2582 1079 2666 populo
1099 2581 1284 2666 providisti3

238 2715 312 2757 nam
331 2693 399 2777 jam
414 2693 617 2778 cognovimns
639 2699 673 2756 et
688 2692 863 2757 chrismata
879 2697 950 2775 (for.
966 2692 1149 2769 schismata,
1166 2698 1285 2773 Msffei)

191 2804 343 2880 soluisse,
360 2804 445 2888 quod
459 2802 568 2867 multis
582 2810 640 2867 tua
654 2802 815 2888 displicuit
830 2802 1061 2866 inrationabilis
1076 2803 1242 2868 ordinatio.

283 2914 335 2977 Ad
362 2914 429 2978 haec
455 2934 512 2977 nec
535 2912 709 2977 beatissimi
732 2912 904 2999 provisoris
926 2923 960 2979 et
986 2914 1089 2979 induti
1113 2915 1286 2995 Christum,

239 3024 378 3087 omnium
402 3031 545 3088 nostrum
567 3024 713 3108 apostoli,
732 3023 825 3088 Pauli
840 3024 971 3088 verbum
991 3026 1092 3091 suasit
1111 3029 1238 3105 morari,
1253 3038 1287 3095 et

239 3133 437 3218 propositum
451 3132 542 3197 facile
563 3133 736 3209 continere,
755 3134 809 3219 qui
829 3134 970 3200 scribens
988 3137 1208 3221 acceptissimo
1223 3137 1288 3202 filio

240 3242 408 3307 Timotheo
426 3241 513 3319 dicit,
530 3242 667 3306 ‘Manus
683 3244 798 3307 nemini
815 3244 874 3307 cito
891 3245 1076 3330 inposueris,
1091 3269 1146 3311 aec
1162 3270 1288 3313 maama-

192 3376 207 3415 2
212 3372 228 3433 5
239 3351 388 3416 asama
400 3352 536 3437 peccatis
550 3352 682 3426 alienis,·
707 3352 828 3436 pariter
847 3375 938 3418 suam
953 3377 1030 3440 erga
1049 3355 1137 3419 illum
1159 3357 1288 3422 demon-

240 3468 346 3525 strans
361 3459 602 3545 providentiam,
619 3468 652 3525 et
667 3461 845 3545 exemplum
860 3485 898 3527 ac
912 3463 1023 3548 legem,
1040 3485 1105 3548 qna
1119 3467 1288 3531 cumomni

241 3570 485 3655 scrupulositate
499 3579 532 3635 et
547 3571 672 3636 cautela
692 3571 850 3657 eligantur
871 3574 1057 3638 ordinando.
1105 3576 1289 3641 Adnuntias

243 3683 312 3761 (for.
327 3680 503 3745 ordinandi.
547 3680 797 3759 Adnuntiamus‚
815 3687 931 3763 Madd)
948 3684 1154 3769 imposterum
1169 3685 1240 3762 tibi,
1253 3696 1289 3751 ut

241 3790 358 3875 regulas
380 3798 486 3855 tutum
501 3798 535 3855 et
557 3791 715 3855 salubrem
736 3793 906 3857 terminum
921 3794 1108 3859 confirmare
1131 3796 1288 3859 studetur.

190 3937 232 3993 30
244 3899 313 3979 (for.
328 3902 469 3977 studeas,
483 3908 518 3965 M
520 3908 611 3988 aflei.)

489 4128 583 4169 sums
608 4128 773 4170 nrlsrolnn
798 4128 1043 4173 Erlscoronum.

597 4306 601 4313 ι
663 4278 692 4323 ῐι
710 4278 776 4325 Tim.
789 4295 810 4325 v.
826 4293 864 4326 ns.
