3242 5150
370 369 436 434 356
603 367 635 428 S.
660 360 904 426 PAMPHILI
931 359 1189 422 MARTYRIS

371 543 501 602 suntet
524 535 612 612 fines,
636 533 681 597 sic
703 539 736 596 et
759 531 872 608 Filius,
892 530 937 594 sio
961 536 995 594 ct
1013 528 1152 615 Spiritus
1175 535 1305 592 sanctus
1326 528 1424 605 scint,

370 672 408 714 eo
431 648 516 732 quod
539 648 610 710 Deo
631 643 780 730 possibile
801 649 851 708 cst
871 663 997 707 ornnem
1017 647 1199 706 creaturam
1219 661 1423 726 cognoscere.

372 760 423 825 Dc
442 766 559 844 quarto
582 757 663 821 libro
682 758 750 838 περὶ
770 757 881 838 ἂρχῶν.
900 756 1000 836 (num.
1015 754 1082 836 26.)
1105 750 1426 816 Pacius--toecclo

369 868 554 934 saenhmm.

785 1077 939 1144 CAPUT
963 1077 1005 1142 V.

565 1250 571 1262 ’
661 1260 709 1322 Da
722 1255 933 1320 incarnatimtc
955 1251 1044 1317 Verbi
1059 1255 1130 1318 Dei.

595 1417 657 1488 (Ex
670 1416 771 1475 lib.iv.
788 1415 837 1472 De
849 1413 982 1491 Princip.
998 1432 1077 1470 num.
1095 1416 1196 1490 1—5.)

451 1540 555 1617 Rufini
572 1539 785 1618 Interpretatic·
975 1538 1089 1612 Πᾶσα
1115 1532 1154 1612 δὲ
1181 1533 1333 1622 Ἑλλὰς,
1361 1535 1423 1611 καὶ

411 1663 587 1720 Onrcss'rts.
630 1661 667 1718 In
690 1660 770 1719 omni
797 1659 868 1718 orbe
917 1665 1104 1770 βάρβαρος
1122 1669 1145 1766 ἡ
1164 1665 1256 1747 Κατὰ
1274 1666 1342 1765 27³7„
1365 1673 1418 1745 οξ.

369 1812 521 1869 terrarum,
542 1800 571 1856 in
594 1798 673 1857 omui
688 1798 811 1866 Graecia,
826 1807 867 1855 st·
919 1804 1092 1904 Κουμένην
1118 1804 1228 1902 ἡμῶν,
1259 1801 1423 1907 ζηλωτὰς

369 1957 427 2016 quc
450 1937 558 1995 exteris
584 1935 752 1994 nationibus
781 1937 867 1992 innu-
919 1939 989 2043 ἔχει
994 1939 1150 2042 μυρίους,
1158 1934 1380 2018 Καταλιπόνΐ
1379 1970 1423 2019 (19

369 2073 439 2133 meri
451 2083 521 2131 sunt
531 2082 562 2132 ct
570 2072 714 2138 immensi,
723 2072 774 2150 qui
784 2072 867 2132 relic·
918 2072 1000 2157 τοὺς
1013 2071 1202 2179 πατρῴους
1216 2070 1344 2171 νόμους
1362 2074 1423 2150 καὶ

369 2213 408 2272 tis
421 2211 524 2291 patriis
545 2210 668 2289 legibus,
682 2220 713 2268 ct
730 2210 776 2268 his
795 2229 870 2287 quos
920 2207 1165 2311 νομιζδμέμους
1196 2204 1320 2304 Ostiis,
1358 2209 1423 2303 τῆς·

368 2349 512 2430 putabant
525 2348 612 2415 Deos,
625 2345 673 2406 vel
687 2347 870 2407 observantis
919 2342 1103 2448 τηρήσεως
1143 2349 1217 2423 τῶν
1254 2342 1423 2424 Μωσέως·

369 2485 470 2564 Moysi
497 2483 580 2564 legis,
603 2485 634 2543 in
663 2482 869 2563 discipulatum
920 2478 1050 2578 νόμων,
1072 2483 1211 2579 καὶτῆς
1229 2479 1423 2580 philomela?

369 2642 400 2682 se
414 2621 535 2688 Christi,
550 2621 723 2699 cultumque
739 2619 869 2679 tradidc·
920 2622 993 2695 τῶν
1017 2617 1141 2715 Ἰησοῦ
1165 2620 1330 2717 Χριστοῦ
1356 2610 1422 2691 λό.

368 2769 457 2831 runt3
478 2770 509 2818 et
522 2760 578 2819 hoc
596 2780 656 2819 non
674 2760 736 2819 sinc
755 2758 869 2836 ingenti
918 2775 1003 2852 ymv·
1048 2749 1204 2850 καίτοιγε
1240 2746 1415 2846 μισουμέ-

368 2899 436 2957 odio
444 2917 544 2956 eorum
553 2899 604 2974 qui
617 2896 772 2956 simulacra
781 2916 869 2954 vene·
920 2918 990 2962 νων
1001 2882 1067 2981 μὲν
1077 2881 1146 2963 ὑπὸ
1158 2888 1231 2962 τῶν
1241 2880 1287 2961 τὰ
1297 2880 1420 2983 ἀγάλ-

367 3045 486 3093 rantur:
510 3035 552 3092 its
566 3044 599 3091 ut
616 3034 652 3091 ah
671 3034 717 3091 his
731 3033 869 3109 frequen·
919 3051 1017 3114 ματα
1027 3014 1340 3118 προσκυνούντων,
1350 3022 1423 3096 τῶν

368 3183 414 3231 ter
441 3183 471 3231 et
495 3170 670 3230 cruciatibus
693 3169 869 3246 affligantur,
920 3156 972 3258 τῷ
985 3151 1150 3233 Μωσέως·
1163 3148 1260 3258 νόμῳ
1271 3184 1424 3252 προστι-

367 3326 576 3384 nonnunquam
595 3306 683 3365 etism
701 3315 825 3384 agantur
839 3306 869 3363 in
921 3287 1088 3385 θεμενων·
1114 3289 1173 3365 καὶ
1191 3284 1258 3384 τὴν
1275 3288 1333 3365 ε’πὶ
1352 3291 1422 3365 θα-

368 3457 500 3505 mortem.
526 3444 756 3525 Amplectuntur
769 3454 867 3503 tamen
919 3419 1015 3528 νᾶτῳ
1045 3420 1084 3501 δὲ
1113 3420 1205 3524 πρὸς·
1233 3425 1285 3527 τῷ
1309 3428 1425 3519 μισεῖ·

369 3597 399 3645 et
413 3606 479 3644 curn
491 3586 570 3644 omni
582 3584 689 3645 affectu
698 3584 869 3645 custodiunt
919 3562 1019 3651 σθαι,
1047 3554 1320 3635 Κῑνδννευόντων
1350 3560 1424 3633 Τῶν

734 3816 942 3893 Interpretntio
957 3816 1050 3903 Nossa.

410 3927 454 3984 At
476 3927 611 3986 universa
631 3938 695 3986 tum
718 3929 842 3997 Graecia,
857 3939 920 3987 tum
942 3928 1007 4007 qnae
1028 3950 1081 4008 per
1101 3930 1270 3988 universum
1291 3938 1423 3986 nostrum

370 4019 513 4066 terrarum
527 4008 626 4066 orbem
648 4019 729 4085 patet
753 4009 901 4075 Barbaria,
917 4009 1085 4068 innumeros
1105 4010 1192 4067 habet
1207 4010 1258 4086 qui
1277 4008 1424 4067 derelictis

370 4087 471 4165 patriis
484 4085 599 4164 legibus
617 4099 648 4145 ct
663 4087 718 4145 diis
737 4087 873 4166 receptis,
889 4108 1003 4146 summo
1017 4090 1116 4148 studio
1136 4089 1281 4148 Mosnicns
1299 4087 1379 4165 leges
1392 4097 1424 4145 et

370 4167 552 4246 disciplinam
569 4168 721 4225 verborum
743 4168 817 4225 Jesu
832 4167 941 4226 Christi
961 4168 1142 4238 custodiunt,
1158 4169 1290 4245 quamvis
1304 4166 1424 4231 simuls-

370 4268 484 4307 crorum
498 4246 660 4305 cultoribus
676 4247 744 4305 odio
758 4248 818 4304 sint
831 4248 882 4324 qui
897 4248 1033 4307 Mosaicoe
1047 4248 1106 4327 legi
1121 4248 1287 4319 adhaerent;
1304 4259 1335 4306 et
1350 4268 1423 4326 prae·

371 4340 417 4389 ter
430 4328 539 4393 odium,
555 4328 586 4385 in
602 4327 668 4385 ritae
682 4326 812 4405 periculo
824 4338 976 4386 versentur
986 4328 1036 4406 qui
1052 4330 1071 4386 J
1074 4349 1124 4388 esu
1137 4329 1246 4387 Christi
1262 4328 1422 4387 doctrinam
