3242 5150
361 383 421 444 tau
691 376 1072 441 ANNOTATIONES

356 551 451 614 latus.
498 549 654 611 Attamen
677 544 868 633 particulam
891 565 1063 630 agnoscere
1085 543 1213 607 eodioem
1236 544 1407 610 Mamas.

355 673 438 715 uuno
454 649 586 726 invenio,
602 649 634 714 in
649 670 712 732 quo
727 650 767 733 τῷ
782 656 856 733 post
870 650 959 715 ποσσὶ
974 669 1071 731 supra
1085 653 1188 712 extat.

399 753 438 815 P.
449 769 524 832 442.
545 749 609 828 l.4.
629 749 728 828 πάσης
750 753 809 831 γὰρ
834 749 974 815 autores
999 750 1083 811 ἔστιν
1104 743 1266 829 dvdrspor]
1286 744 1408 829 Legero

354 853 422 917 vult
433 851 455 914 J
457 852 549 914 unius
561 853 750 932 σίνετῶτερσς
760 873 818 936 pro
830 853 987 930 ἀνώτερος,
998 871 1055 913 neo
1070 848 1138 911 siue
1149 869 1256 912 nausa·
1284 846 1408 914 Dubito

355 960 473 1018 tamen.
519 953 695 1017 Comitolns
710 954 857 1034 ἀνώτερος
872 951 1016 1018 eodieum
1031 950 1197 1019 lectionem
1212 946 1342 1023 invenit,
1352 947 1407 1030 qni

354 1054 451 1118 vertit
466 1055 547 1118 muni
561 1053 653 1117 laude
665 1054 813 1138 neperior.

399 1154 480 1220 Ibid.
496 1155 517 1220 l.
534 1175 579 1236 14.
597 1156 662 1218 νυνὶ
677 1158 710 1218 δὲ
726 1157 774 1218 ἐπὶ
789 1157 827 1217 τὰ
842 1156 973 1236 ἐχόμενα
988 1157 1037 1231 τῆς
1053 1152 1207 1233 ἑρμηνείας
1217 1149 1320 1233 ἴωμεν]
1335 1174 1406 1230 προ-

354 1259 478 1336 φητείας
499 1279 558 1341 pro
582 1257 736 1337 ἑρμηνείας
749 1255 812 1318 rod.
831 1275 898 1339 195·
923 1255 1008 1339 qnod
1030 1260 1103 1316 erat
1123 1251 1311 1326 notandum,
1326 1272 1406 1335 quo·

354 1359 440 1424 uiam
457 1357 628 1442 Dionysius
642 1359 824 1438 προφητείας
839 1357 947 1438 potina
965 1353 1153 1439 scripsisset,
1169 1353 1197 1416 si
1216 1353 1312 1416 modo
1328 1352 1406 1415 Dio-

354 1459 436 1542 nysii
450 1459 519 1524 haeo
534 1466 649 1534 essent,
659 1480 772 1541 neque,
789 1465 827 1522 ut
841 1457 942 1542 magis
957 1457 1063 1533 oredo,
1079 1456 1121 1520 ab
1134 1464 1265 1521 auotore
1274 1455 1406 1520 Catenae

354 1559 488 1625 fuissent
518 1559 671 1644 proiecta.
726 1561 876 1623 Ueterum
905 1559 989 1622 idem
1019 1559 1120 1622 oodex
1149 1557 1232 1620 hano
1260 1556 1406 1640 Dionysii

353 1666 442 1746 ῥῆσιν
463 1663 559 1747 pnuio
581 1662 713 1728 ulterius
735 1661 892 1736 extendit,
906 1682 1077 1744 suppresso
1100 1660 1225 1725 nomine
1243 1660 1407 1745 Olympio-

354 1763 433 1841 dori,
465 1764 549 1848 quod
578 1764 664 1848 apud
694 1769 818 1827 eeteros
847 1763 945 1825 libros
974 1762 1165 1848 expositioni
1200 1761 1283 1827 hano
1316 1764 1407 1846 ῥῆσιν

353 1867 497 1957 proxime
511 1864 656 1955 sequenti
671 1865 854 1953 adpositum
868 1871 928 1934 est.

399 2171 436 2232 P.
448 2187 523 2249 442.
538 2170 558 2232 1.
574 2170 624 2231 16.
646 2166 685 2231 Ὁ
700 2169 756 2245 μὲν
772 2169 853 2234 Θεὸς
868 2170 939 2251 tto]
959 2169 1047 2231 Dum
1067 2168 1128 2232 hoo
1142 2172 1235 2232 extat
1249 2166 1407 2250 fragmen-

354 2281 424 2336 tum
439 2272 471 2335 in
487 2271 592 2353 eapite
609 2270 680 2334 xvii.
699 2271 819 2334 Canna
834 2292 906 2356 pag.
921 2290 996 2355 390.
1015 2268 1058 2333 ibi
1074 2269 1187 2334 tit-ulus
1205 2268 1237 2331 in
1253 2275 1407 2333 oontextu

355 2373 468 2436 Graeeo
483 2379 533 2435 est
555 2369 741 2454 simpliciter
756 2371 928 2445 Διονυσίου,
944 2370 1000 2434 sed
1021 2369 1054 2435 in
1069 2369 1337 2454 interpretatione
1348 2391 1407 2434 sua

355 2473 477 2537 Latine
502 2470 627 2536 addidit
649 2492 757 2535 vooem
779 2470 871 2534 Alea.
885 2470 909 2532 J
912 2471 1022 2546 unius;
1048 2493 1119 2554 quae
1142 2471 1174 2534 in
1196 2469 1293 2536 tribus
1314 2478 1407 2536 extat

354 2576 536 2647 Bodbemnis
550 2573 707 2652 codicibus,
724 2584 758 2639 et
776 2573 937 2637 uomitum
951 2573 1049 2638 habet
1063 2574 1192 2657 Dionys.
1209 2584 1238 2639 σί
1252 2573 1405 2640 nomed.

355 2699 419 2761 qua
433 2678 473 2741 de
491 2699 525 2741 re
535 2677 605 2763 jam
620 2676 685 2740 dixi
701 2698 775 2762 pag.
788 2695 863 2759 450.

399 2778 438 2842 P.
449 2799 524 2863 443.
551 2779 571 2843 i.
586 2797 615 2843 2.
638 2777 699 2843 οὔθ’
716 2780 793 2845 ὅλως
812 2777 996 2862 ὑφέστηκεν]
1024 2777 1065 2842 In
1090 2778 1174 2843 edito
1199 2781 1314 2845 Canna
1335 2781 1408 2848 ὅλος

356 2890 448 2947 extat
462 2904 522 2967 pro
536 2883 625 2959 ὅλως,
638 2879 797 2945 renitente
808 2880 975 2943 verborum
987 2880 1159 2958 sententia,
1170 2881 1326 2967 simulque
1340 2903 1406 2947 om·

358 2984 452 3048 nibus
467 2983 637 3060 codicibus,
654 3003 726 3045 oum
741 2990 849 3045 vetere
863 2980 1038 3067 interprete
1054 2983 1208 3049 Comitolo.

400 3085 484 3150 Ibid.
500 3084 520 3149 l.
532 3086 561 3148 8.
585 3085 881 3165 ἆφονισθησόμενοσ,
902 3080 1016 3148 οὐδέπω
1037 3082 1095 3164 μέν
1117 3085 1198 3171 ἐστι]
1220 3085 1406 3150 Orationem

355 3193 454 3271 auget
475 3186 537 3249 cod.
557 3204 626 3270 195.
651 3186 706 3249 sed
729 3185 938 3263 incommode,
961 3185 1084 3270 opinor,
1105 3186 1138 3249 in
1160 3187 1245 3252 huno
1266 3189 1405 3264 modum,

356 3290 638 3371 ἆφσσεσθησόμενσς
651 3287 757 3369 μικρὸν
770 3290 827 3367 μὲν
843 3288 977 3367 ἔστηκεν,
993 3288 1063 3352 ἀλλ’
1079 3290 1194 3354 οὐδέπω
1206 3292 1280 3355 ἔστι.
1314 3290 1407 3355 Oete·

356 3412 439 3469 rum,
460 3390 546 3456 utin
568 3389 722 3473 superiori
736 3387 824 3473 ῥήσει
844 3390 986 3455 ostendit
1007 3390 1189 3476 Dionysius,
1204 3391 1298 3477 longa
1319 3400 1406 3456 ante-

355 3492 425 3557 oelli
440 3514 461 3556 a
476 3492 548 3556 Deo
567 3513 605 3557 ao
626 3493 768 3577 superari
784 3513 953 3568 narseum,
969 3492 1112 3577 quamvis
1128 3493 1353 3558 admittentem
1373 3492 1406 3557 in

355 3596 491 3681 seipsum
506 3593 702 3659 additionem
717 3601 903 3689 perpetuam
914 3620 923 3671 ς
946 3595 993 3659 ita
1007 3596 1068 3659 hoo
1080 3596 1150 3660 looo
1162 3596 1289 3673 statuit,
1301 3596 1405 3660 Deum

355 3698 494 3781 eruperit
516 3719 641 3782 quoque
662 3696 779 3761 limites
801 3718 961 3782 superare,
977 3720 1035 3762 nee
1057 3699 1322 3782 quemadmodum
1346 3720 1406 3761 nos

356 3798 500 3863 homines
517 3798 550 3863 in
569 3799 718 3881 prasenti
734 3805 880 3884 tempore
900 3799 1046 3876 existere,
1062 3801 1119 3865 md
1133 3800 1290 3886 integram
1307 3809 1405 3887 atque

356 3899 503 3965 stabilem
517 3899 576 3985 ipsi
590 3900 702 3964 adesse
715 3900 943 3969 aeternitatem.

401 4206 439 4269 P.
452 4224 527 4289 443.
543 4204 564 4269 l.
580 4207 628 4269 16.
652 4208 716 4271 Μία
730 4211 788 4290 γὰρ
803 4210 822 4288 ἡ
840 4108 901 4288 riui,
904 4157 1017 4290 σοφίας
1037 4212 1109 4294 ὅσω]
1135 4169 1261 4275 Extant
1282 4210 1351 4275 haeo
1371 4210 1406 4273 in

355 4305 461 4394 eapite
480 4304 542 4369 xix.
569 4308 689 4373 uatem
713 4332 784 4396 pag.
807 4330 881 4396 430.
927 4310 994 4375 Ubi
1020 4320 1087 4377 tnrn
1114 4311 1194 4376 liber
1218 4312 1270 4377 ille
1299 4311 1405 4376 editus
