<?xml version="1.0" encoding="UTF-8"?>
<!DOCTYPE html PUBLIC "-//W3C//DTD XHTML 1.0 Transitional//EN"
    "http://www.w3.org/TR/xhtml1/DTD/xhtml1-transitional.dtd">
<html xmlns="http://www.w3.org/1999/xhtml" xml:lang="en" lang="en">
 <head>
  <title>
</title>
<meta http-equiv="Content-Type" content="text/html;charset=utf-8" />
  <meta name='ocr-system' content='tesseract 3.04.00' />
  <meta name='ocr-capabilities' content='ocr_page ocr_carea ocr_par ocr_line ocrx_word'/>
</head>
<body>
  <div class='ocr_page' id='page_1' title='image "./reliquiaesacrae12routgoog_0165.png"; bbox 0 0 3242 5150; ppageno 0'>
   <div class='ocr_carea' id='block_1_1' title="bbox 321 419 1256 487">
    <p class='ocr_par' dir='ltr' id='par_1_1' title="bbox 321 419 1256 487">
     <span class='ocr_line' id='line_1_1' title="bbox 321 419 1256 487; baseline -0.001 -2"><span class='ocrx_word' id='word_1_1' title='bbox 321 421 372 485; x_wconf 93' lang='lat' dir='ltr'>IN</span> <span class='ocrx_word' id='word_1_2' title='bbox 395 419 651 486; x_wconf 82' lang='lat' dir='ltr'>ANCYRANI</span> <span class='ocrx_word' id='word_1_3' title='bbox 677 421 893 487; x_wconf 85' lang='lat' dir='ltr'>CONCILII</span> <span class='ocrx_word' id='word_1_4' title='bbox 918 421 1147 485; x_wconf 82' lang='lat' dir='ltr'>CANONES.</span> <span class='ocrx_word' id='word_1_5' title='bbox 1193 422 1256 484; x_wconf 79' lang='lat'>155</span> 
     </span>
    </p>
   </div>
   <div class='ocr_carea' id='block_1_2' title="bbox 204 590 1257 1399">
    <p class='ocr_par' dir='ltr' id='par_1_2' title="bbox 204 590 1257 876">
     <span class='ocr_line' id='line_1_2' title="bbox 205 590 1257 676; baseline -0.002 -19"><span class='ocrx_word' id='word_1_6' title='bbox 205 592 286 670; x_wconf 86' lang='grc' dir='ltr'>αιίτθ,</span> <span class='ocrx_word' id='word_1_7' title='bbox 317 590 374 676; x_wconf 73' lang='grc' dir='ltr'>κᾷν</span> <span class='ocrx_word' id='word_1_8' title='bbox 398 591 451 670; x_wconf 78' lang='grc' dir='ltr'>δέη</span> <span class='ocrx_word' id='word_1_9' title='bbox 475 596 632 672; x_wconf 79' lang='grc' dir='ltr'>βλαβῆναι</span> <span class='ocrx_word' id='word_1_10' title='bbox 656 593 694 655; x_wconf 85' lang='grc' dir='ltr'>τί·</span> <span class='ocrx_word' id='word_1_11' title='bbox 727 592 774 656; x_wconf 83' lang='grc' dir='ltr'>καὶ</span> <span class='ocrx_word' id='word_1_12' title='bbox 803 592 845 671; x_wconf 75' lang='grc' dir='ltr'>μὴ</span> <span class='ocrx_word' id='word_1_13' title='bbox 870 591 1006 674; x_wconf 76' lang='grc' dir='ltr'>ἐρχέσθω</span> <span class='ocrx_word' id='word_1_14' title='bbox 1036 591 1085 654; x_wconf 80' lang='grc' dir='ltr'>έπῖ</span> <span class='ocrx_word' id='word_1_15' title='bbox 1110 591 1257 672; x_wconf 77' lang='grc' dir='ltr'>κριτήριον</span> 
     </span>
     <span class='ocr_line' id='line_1_3' title="bbox 204 691 1256 776; baseline 0.002 -17"><span class='ocrx_word' id='word_1_16' title='bbox 204 695 333 760; x_wconf 82' lang='grc' dir='ltr'>έθνικόν.</span> <span class='ocrx_word' id='word_1_17' title='bbox 355 691 478 758; x_wconf 84' lang='grc' dir='ltr'><strong>ἈΛΛΑ</strong></span> <span class='ocrx_word' id='word_1_18' title='bbox 496 698 592 758; x_wconf 88' lang='grc' dir='ltr'>ΜΗΝ</span> <span class='ocrx_word' id='word_1_19' title='bbox 619 698 742 756; x_wconf 67' lang='lat' dir='ltr'>Manu</span> <span class='ocrx_word' id='word_1_20' title='bbox 765 694 914 776; x_wconf 76' lang='grc' dir='ltr'>ἀνέχεσθε</span> <span class='ocrx_word' id='word_1_21' title='bbox 932 694 1089 771; x_wconf 79' lang='grc' dir='ltr'>κοσμικοῖις</span> <span class='ocrx_word' id='word_1_22' title='bbox 1108 695 1256 776; x_wconf 83' lang='grc' dir='ltr'>δρχοντος</span> 
     </span>
     <span class='ocr_line' id='line_1_4' title="bbox 204 795 665 876; baseline -0.002 -16"><span class='ocrx_word' id='word_1_23' title='bbox 204 799 279 862; x_wconf 85' lang='grc' dir='ltr'>κατδ</span> <span class='ocrx_word' id='word_1_24' title='bbox 293 801 353 860; x_wconf 81' lang='grc' dir='ltr'>τιῖν</span> <span class='ocrx_word' id='word_1_25' title='bbox 366 795 516 876; x_wconf 72' lang='grc' dir='ltr'>ἡμετέρων</span> <span class='ocrx_word' id='word_1_26' title='bbox 530 796 665 873; x_wconf 76' lang='grc' dir='ltr'>δικάζειν.</span> 
     </span>
    </p>

    <p class='ocr_par' dir='ltr' id='par_1_3' title="bbox 204 897 1256 1399">
     <span class='ocr_line' id='line_1_5' title="bbox 249 897 1256 985; baseline 0.002 -22"><span class='ocrx_word' id='word_1_27' title='bbox 249 901 286 963; x_wconf 91' lang='grc' dir='ltr'>Ρ.</span> <span class='ocrx_word' id='word_1_28' title='bbox 308 917 377 963; x_wconf 83' lang='lat'>121.</span> <span class='ocrx_word' id='word_1_29' title='bbox 392 898 413 962; x_wconf 91' lang='lat' dir='ltr'>l.</span> <span class='ocrx_word' id='word_1_30' title='bbox 433 915 483 979; x_wconf 85' lang='lat'>17.</span> <span class='ocrx_word' id='word_1_31' title='bbox 499 900 534 964; x_wconf 76' lang='grc' dir='ltr'>ἐν</span> <span class='ocrx_word' id='word_1_32' title='bbox 549 899 659 978; x_wconf 63' lang='lat' dir='ltr'>irtam</span> <span class='ocrx_word' id='word_1_33' title='bbox 674 898 824 984; x_wconf 88' lang='grc' dir='ltr'>παροικίᾳ]</span> <span class='ocrx_word' id='word_1_34' title='bbox 849 899 946 985; x_wconf 53' lang='lat' dir='ltr'>Valeo</span> <span class='ocrx_word' id='word_1_35' title='bbox 961 901 994 963; x_wconf 79' lang='grc' dir='ltr'>έν</span> <span class='ocrx_word' id='word_1_36' title='bbox 1010 897 1106 985; x_wconf 85' lang='grc' dir='ltr'>έτέρᾳ,</span> <span class='ocrx_word' id='word_1_37' title='bbox 1121 900 1256 965; x_wconf 81' lang='lat' dir='ltr'>faventi·</span> 
     </span>
     <span class='ocr_line' id='line_1_6' title="bbox 204 1000 1252 1088; baseline 0 -22"><span class='ocrx_word' id='word_1_38' title='bbox 204 1001 265 1066; x_wconf 86' lang='lat' dir='ltr'>bus</span> <span class='ocrx_word' id='word_1_39' title='bbox 279 1001 409 1086; x_wconf 86' lang='lat' dir='ltr'>quidem</span> <span class='ocrx_word' id='word_1_40' title='bbox 421 1000 602 1066; x_wconf 70' lang='grc' dir='ltr'>Βοόίοίαοιζς</span> <span class='ocrx_word' id='word_1_41' title='bbox 614 1021 664 1066; x_wconf 83' lang='grc' dir='ltr'>τοο</span> <span class='ocrx_word' id='word_1_42' title='bbox 678 1002 807 1066; x_wconf 66' lang='grc' dir='ltr'>Μθθιῖι</span> <span class='ocrx_word' id='word_1_43' title='bbox 820 1001 1040 1087; x_wconf 81' lang='lat' dir='ltr'>Blaatarisque</span> <span class='ocrx_word' id='word_1_44' title='bbox 1050 1002 1252 1088; x_wconf 70' lang='grc' dir='ltr'>θγοίαᾳιααικ</span> 
     </span>
     <span class='ocr_line' id='line_1_7' title="bbox 205 1102 1255 1182; baseline 0 -12"><span class='ocrx_word' id='word_1_45' title='bbox 205 1105 328 1182; x_wconf 80' lang='lat' dir='ltr'>Quibus</span> <span class='ocrx_word' id='word_1_46' title='bbox 350 1125 434 1169; x_wconf 85' lang='lat' dir='ltr'>nuno</span> <span class='ocrx_word' id='word_1_47' title='bbox 455 1102 594 1168; x_wconf 85' lang='lat' dir='ltr'>addendi</span> <span class='ocrx_word' id='word_1_48' title='bbox 615 1111 691 1168; x_wconf 92' lang='lat' dir='ltr'>sunt</span> <span class='ocrx_word' id='word_1_49' title='bbox 713 1106 862 1168; x_wconf 86' lang='lat' dir='ltr'>Canones</span> <span class='ocrx_word' id='word_1_50' title='bbox 883 1104 1017 1169; x_wconf 86' lang='lat' dir='ltr'>Arabioi</span> <span class='ocrx_word' id='word_1_51' title='bbox 1038 1105 1072 1170; x_wconf 88' lang='lat' dir='ltr'>in</span> <span class='ocrx_word' id='word_1_52' title='bbox 1092 1106 1158 1170; x_wconf 83' lang='grc' dir='ltr'>οοθ.</span> <span class='ocrx_word' id='word_1_53' title='bbox 1179 1106 1255 1170; x_wconf 74' lang='lat' dir='ltr'>Me.</span> 
     </span>
     <span class='ocr_line' id='line_1_8' title="bbox 205 1205 1255 1293; baseline -0.001 -19"><span class='ocrx_word' id='word_1_54' title='bbox 205 1210 278 1274; x_wconf 77' lang='lat' dir='ltr'>lior.</span> <span class='ocrx_word' id='word_1_55' title='bbox 296 1211 346 1274; x_wconf 84' lang='lat'>26.</span> <span class='ocrx_word' id='word_1_56' title='bbox 361 1215 396 1273; x_wconf 90' lang='lat' dir='ltr'>et</span> <span class='ocrx_word' id='word_1_57' title='bbox 410 1207 578 1272; x_wconf 80' lang='grc' dir='ltr'>Ρσιίαίίυαι</span> <span class='ocrx_word' id='word_1_58' title='bbox 594 1205 790 1286; x_wconf 84' lang='lat' dir='ltr'>Graeeorum,</span> <span class='ocrx_word' id='word_1_59' title='bbox 806 1207 896 1293; x_wconf 85' lang='lat' dir='ltr'>nujus</span> <span class='ocrx_word' id='word_1_60' title='bbox 916 1216 1024 1272; x_wconf 83' lang='lat' dir='ltr'>tumen</span> <span class='ocrx_word' id='word_1_61' title='bbox 1044 1207 1179 1293; x_wconf 84' lang='lat' dir='ltr'>margini</span> <span class='ocrx_word' id='word_1_62' title='bbox 1200 1209 1255 1274; x_wconf 79' lang='lat' dir='ltr'>sd-</span> 
     </span>
     <span class='ocr_line' id='line_1_9' title="bbox 204 1310 1256 1399; baseline 0 -22"><span class='ocrx_word' id='word_1_63' title='bbox 204 1313 312 1399; x_wconf 85' lang='lat' dir='ltr'>posita</span> <span class='ocrx_word' id='word_1_64' title='bbox 339 1317 390 1376; x_wconf 86' lang='lat' dir='ltr'>ast</span> <span class='ocrx_word' id='word_1_65' title='bbox 418 1311 459 1376; x_wconf 83' lang='lat' dir='ltr'>ab</span> <span class='ocrx_word' id='word_1_66' title='bbox 485 1310 661 1375; x_wconf 73' lang='lat' dir='ltr'>editoribus</span> <span class='ocrx_word' id='word_1_67' title='bbox 684 1332 724 1375; x_wconf 84' lang='lat' dir='ltr'>ex</span> <span class='ocrx_word' id='word_1_68' title='bbox 750 1311 875 1374; x_wconf 88' lang='lat' dir='ltr'>Joanue</span> <span class='ocrx_word' id='word_1_69' title='bbox 903 1311 1103 1375; x_wconf 80' lang='lat' dir='ltr'>Antiocheno</span> <span class='ocrx_word' id='word_1_70' title='bbox 1127 1320 1256 1396; x_wconf 83' lang='lat' dir='ltr'>sumptu</span> 
     </span>
    </p>
   </div>
   <div class='ocr_carea' id='block_1_3' title="bbox 203 1411 1254 1603">
    <p class='ocr_par' dir='ltr' id='par_1_4' title="bbox 203 1411 1254 1603">
     <span class='ocr_line' id='line_1_10' title="bbox 203 1411 1254 1499; baseline -0.003 -18"><span class='ocrx_word' id='word_1_71' title='bbox 203 1416 309 1482; x_wconf 84' lang='lat' dir='ltr'>altera</span> <span class='ocrx_word' id='word_1_72' title='bbox 330 1413 489 1498; x_wconf 80' lang='lat' dir='ltr'>seriptum</span> <span class='ocrx_word' id='word_1_73' title='bbox 506 1411 625 1499; x_wconf 80' lang='grc' dir='ltr'>έκόστῃ.</span> <span class='ocrx_word' id='word_1_74' title='bbox 671 1413 716 1477; x_wconf 79' lang='lat' dir='ltr'>ut</span> <span class='ocrx_word' id='word_1_75' title='bbox 738 1413 807 1478; x_wconf 84' lang='lat' dir='ltr'>haee</span> <span class='ocrx_word' id='word_1_76' title='bbox 828 1413 932 1487; x_wconf 80' lang='lat' dir='ltr'>lentio,</span> <span class='ocrx_word' id='word_1_77' title='bbox 956 1435 1052 1498; x_wconf 88' lang='lat' dir='ltr'>quam</span> <span class='ocrx_word' id='word_1_78' title='bbox 1073 1413 1106 1477; x_wconf 89' lang='lat' dir='ltr'>in</span> <span class='ocrx_word' id='word_1_79' title='bbox 1128 1422 1254 1479; x_wconf 83' lang='lat' dir='ltr'>textum</span> 
     </span>
     <span class='ocr_line' id='line_1_11' title="bbox 204 1511 1254 1603; baseline -0.005 -23"><span class='ocrx_word' id='word_1_80' title='bbox 204 1537 266 1603; x_wconf 78' lang='lat' dir='ltr'>ego</span> <span class='ocrx_word' id='word_1_81' title='bbox 288 1514 405 1600; x_wconf 75' lang='lat' dir='ltr'>recepi,</span> <span class='ocrx_word' id='word_1_82' title='bbox 431 1514 462 1576; x_wconf 93' lang='lat' dir='ltr'>in</span> <span class='ocrx_word' id='word_1_83' title='bbox 489 1511 602 1578; x_wconf 72' lang='lat' dir='ltr'>duobos</span> <span class='ocrx_word' id='word_1_84' title='bbox 624 1511 774 1576; x_wconf 78' lang='grc' dir='ltr'>οοόῖαίθυο</span> <span class='ocrx_word' id='word_1_85' title='bbox 795 1513 888 1577; x_wconf 82' lang='grc' dir='ltr'>Βοθί.</span> <span class='ocrx_word' id='word_1_86' title='bbox 917 1513 967 1577; x_wconf 84' lang='lat'>26.</span> <span class='ocrx_word' id='word_1_87' title='bbox 991 1519 1025 1576; x_wconf 90' lang='lat' dir='ltr'>et</span> <span class='ocrx_word' id='word_1_88' title='bbox 1050 1513 1123 1596; x_wconf 82' lang='lat'><strong>625.</strong></span> <span class='ocrx_word' id='word_1_89' title='bbox 1150 1511 1254 1576; x_wconf 79' lang='lat' dir='ltr'>Rawl.</span> 
     </span>
    </p>
   </div>
   <div class='ocr_carea' id='block_1_4' title="bbox 203 1613 1257 4541">
    <p class='ocr_par' dir='ltr' id='par_1_5' title="bbox 203 1613 1256 2830">
     <span class='ocr_line' id='line_1_12' title="bbox 205 1613 1256 1701; baseline -0.006 -17"><span class='ocrx_word' id='word_1_90' title='bbox 205 1618 228 1684; x_wconf 83' lang='lat' dir='ltr'>J</span> <span class='ocrx_word' id='word_1_91' title='bbox 229 1640 332 1684; x_wconf 83' lang='lat' dir='ltr'>onnus</span> <span class='ocrx_word' id='word_1_92' title='bbox 348 1617 551 1682; x_wconf 71' lang='lat' dir='ltr'>Antiocheno</span> <span class='ocrx_word' id='word_1_93' title='bbox 565 1623 634 1681; x_wconf 87' lang='lat' dir='ltr'>tam</span> <span class='ocrx_word' id='word_1_94' title='bbox 648 1615 727 1680; x_wconf 77' lang='grc' dir='ltr'>οιθίίο</span> <span class='ocrx_word' id='word_1_95' title='bbox 742 1637 838 1701; x_wconf 90' lang='lat' dir='ltr'>qnam</span> <span class='ocrx_word' id='word_1_96' title='bbox 852 1618 972 1700; x_wconf 65' lang='grc' dir='ltr'>κουρία,</span> <span class='ocrx_word' id='word_1_97' title='bbox 982 1613 1123 1699; x_wconf 83' lang='lat' dir='ltr'>margine</span> <span class='ocrx_word' id='word_1_98' title='bbox 1136 1615 1256 1678; x_wconf 68' lang='grc' dir='ltr'>θοόίοιδ</span> 
     </span>
     <span class='ocr_line' id='line_1_13' title="bbox 206 1718 1254 1796; baseline -0.009 -8"><span class='ocrx_word' id='word_1_99' title='bbox 206 1725 365 1788; x_wconf 67' lang='lat' dir='ltr'>comm</span> <span class='ocrx_word' id='word_1_100' title='bbox 380 1719 568 1796; x_wconf 76' lang='grc' dir='ltr'>θυιίοίῑίοτιί,</span> <span class='ocrx_word' id='word_1_101' title='bbox 585 1720 730 1796; x_wconf 82' lang='lat' dir='ltr'>Zonarae,</span> <span class='ocrx_word' id='word_1_102' title='bbox 746 1726 780 1783; x_wconf 87' lang='lat' dir='ltr'>et</span> <span class='ocrx_word' id='word_1_103' title='bbox 794 1719 931 1783; x_wconf 79' lang='lat' dir='ltr'>fortasse</span> <span class='ocrx_word' id='word_1_104' title='bbox 945 1718 1154 1794; x_wconf 84' lang='lat' dir='ltr'>Baiaamonis‚</span> <span class='ocrx_word' id='word_1_105' title='bbox 1171 1719 1254 1780; x_wconf 77' lang='grc' dir='ltr'>θορι-</span> 
     </span>
     <span class='ocr_line' id='line_1_14' title="bbox 203 1819 1254 1905; baseline -0.006 -15"><span class='ocrx_word' id='word_1_106' title='bbox 203 1824 359 1902; x_wconf 79' lang='lat' dir='ltr'>montorio,</span> <span class='ocrx_word' id='word_1_107' title='bbox 386 1823 419 1886; x_wconf 91' lang='lat' dir='ltr'>in</span> <span class='ocrx_word' id='word_1_108' title='bbox 449 1821 594 1885; x_wconf 89' lang='lat' dir='ltr'>omuibus</span> <span class='ocrx_word' id='word_1_109' title='bbox 624 1821 758 1905; x_wconf 86' lang='lat' dir='ltr'>donique</span> <span class='ocrx_word' id='word_1_110' title='bbox 783 1819 969 1885; x_wconf 71' lang='lat' dir='ltr'>versionibus</span> <span class='ocrx_word' id='word_1_111' title='bbox 993 1820 1119 1884; x_wconf 68' lang='lat' dir='ltr'>Latiari</span> <span class='ocrx_word' id='word_1_112' title='bbox 1143 1827 1254 1895; x_wconf 85' lang='lat' dir='ltr'>extut;</span> 
     </span>
     <span class='ocr_line' id='line_1_15' title="bbox 203 1915 1255 2010; baseline -0.009 -16"><span class='ocrx_word' id='word_1_113' title='bbox 203 1936 275 1994; x_wconf 92' lang='lat' dir='ltr'>tum</span> <span class='ocrx_word' id='word_1_114' title='bbox 295 1948 372 1991; x_wconf 86' lang='lat' dir='ltr'>vero</span> <span class='ocrx_word' id='word_1_115' title='bbox 393 1925 549 2010; x_wconf 89' lang='lat' dir='ltr'>probatur</span> <span class='ocrx_word' id='word_1_116' title='bbox 571 1923 727 1988; x_wconf 84' lang='lat' dir='ltr'>Salmasio</span> <span class='ocrx_word' id='word_1_117' title='bbox 749 1924 781 1987; x_wconf 92' lang='lat' dir='ltr'>iu</span> <span class='ocrx_word' id='word_1_118' title='bbox 804 1915 863 1987; x_wconf 58' lang='lat' dir='ltr'>lib(</span> <span class='ocrx_word' id='word_1_119' title='bbox 881 1925 930 1988; x_wconf 84' lang='lat' dir='ltr'>Do</span> <span class='ocrx_word' id='word_1_120' title='bbox 948 1922 1112 2009; x_wconf 79' lang='grc' dir='ltr'>Ερίιοορίι</span> <span class='ocrx_word' id='word_1_121' title='bbox 1125 1931 1153 1986; x_wconf 79' lang='lat' dir='ltr'>ot</span> <span class='ocrx_word' id='word_1_122' title='bbox 1167 1923 1255 1985; x_wconf 80' lang='grc' dir='ltr'>Ρινι·</span> 
     </span>
     <span class='ocr_line' id='line_1_16' title="bbox 204 2024 1255 2114; baseline -0.004 -22"><span class='ocrx_word' id='word_1_123' title='bbox 204 2029 323 2114; x_wconf 53' lang='lat' dir='ltr'>bytom,</span> <span class='ocrx_word' id='word_1_124' title='bbox 342 2050 413 2113; x_wconf 79' lang='lat' dir='ltr'>sap.</span> <span class='ocrx_word' id='word_1_125' title='bbox 436 2050 466 2091; x_wconf 85' lang='lat' dir='ltr'>r.</span> <span class='ocrx_word' id='word_1_126' title='bbox 487 2047 559 2111; x_wconf 87' lang='lat' dir='ltr'>pag.</span> <span class='ocrx_word' id='word_1_127' title='bbox 574 2046 648 2111; x_wconf 85' lang='lat'>303.</span> <span class='ocrx_word' id='word_1_128' title='bbox 696 2027 793 2089; x_wconf 87' lang='lat' dir='ltr'>Petro</span> <span class='ocrx_word' id='word_1_129' title='bbox 816 2027 856 2090; x_wconf 86' lang='lat' dir='ltr'>do</span> <span class='ocrx_word' id='word_1_130' title='bbox 879 2027 992 2090; x_wconf 83' lang='lat' dir='ltr'>Marna</span> <span class='ocrx_word' id='word_1_131' title='bbox 1013 2027 1063 2090; x_wconf 86' lang='lat' dir='ltr'>Do</span> <span class='ocrx_word' id='word_1_132' title='bbox 1089 2024 1255 2089; x_wconf 68' lang='lat' dir='ltr'>Conoordtb</span> 
     </span>
     <span class='ocr_line' id='line_1_17' title="bbox 205 2127 1254 2213; baseline -0.003 -18"><span class='ocrx_word' id='word_1_133' title='bbox 205 2129 378 2195; x_wconf 70' lang='grc' dir='ltr'>Βοοιυθοθῖί</span> <span class='ocrx_word' id='word_1_134' title='bbox 391 2139 419 2194; x_wconf 82' lang='lat' dir='ltr'>et</span> <span class='ocrx_word' id='word_1_135' title='bbox 433 2128 576 2213; x_wconf 69' lang='grc' dir='ltr'>Ιοιρονιῗῖ,</span> <span class='ocrx_word' id='word_1_136' title='bbox 591 2127 645 2191; x_wconf 92' lang='lat' dir='ltr'>lib.</span> <span class='ocrx_word' id='word_1_137' title='bbox 661 2127 692 2190; x_wconf 89' lang='lat' dir='ltr'>ii.</span> <span class='ocrx_word' id='word_1_138' title='bbox 709 2149 777 2212; x_wconf 79' lang='lat' dir='ltr'>cap.</span> <span class='ocrx_word' id='word_1_139' title='bbox 792 2149 841 2210; x_wconf 85' lang='lat'>14.</span> <span class='ocrx_word' id='word_1_140' title='bbox 857 2151 930 2213; x_wconf 85' lang='lat' dir='ltr'>pag.</span> <span class='ocrx_word' id='word_1_141' title='bbox 947 2147 1016 2210; x_wconf 87' lang='lat'>177.</span> <span class='ocrx_word' id='word_1_142' title='bbox 1039 2130 1254 2205; x_wconf 83' lang='lat' dir='ltr'>Hammoudo‚</span> 
     </span>
     <span class='ocr_line' id='line_1_18' title="bbox 204 2230 1253 2318; baseline -0.004 -20"><span class='ocrx_word' id='word_1_143' title='bbox 204 2233 260 2298; x_wconf 93' lang='lat' dir='ltr'>ubi</span> <span class='ocrx_word' id='word_1_144' title='bbox 283 2254 389 2318; x_wconf 86' lang='lat' dir='ltr'>supra,</span> <span class='ocrx_word' id='word_1_145' title='bbox 414 2230 607 2295; x_wconf 83' lang='lat' dir='ltr'>Thorndieio</span> <span class='ocrx_word' id='word_1_146' title='bbox 626 2230 675 2294; x_wconf 78' lang='lat' dir='ltr'>Do</span> <span class='ocrx_word' id='word_1_147' title='bbox 693 2231 824 2294; x_wconf 76' lang='lat' dir='ltr'>Ratione</span> <span class='ocrx_word' id='word_1_148' title='bbox 841 2253 879 2295; x_wconf 84' lang='grc' dir='ltr'>αα</span> <span class='ocrx_word' id='word_1_149' title='bbox 892 2232 972 2295; x_wconf 79' lang='lat' dir='ltr'>Jaro</span> <span class='ocrx_word' id='word_1_150' title='bbox 995 2234 1050 2296; x_wconf 81' lang='grc' dir='ltr'>δια.</span> <span class='ocrx_word' id='word_1_151' title='bbox 1067 2253 1135 2316; x_wconf 87' lang='lat' dir='ltr'>eap.</span> <span class='ocrx_word' id='word_1_152' title='bbox 1152 2254 1204 2295; x_wconf 82' lang='lat' dir='ltr'>xx.</span> <span class='ocrx_word' id='word_1_153' title='bbox 1219 2253 1253 2313; x_wconf 89' lang='lat' dir='ltr'>p.</span> 
     </span>
     <span class='ocr_line' id='line_1_19' title="bbox 204 2332 1255 2422; baseline -0.002 -22"><span class='ocrx_word' id='word_1_154' title='bbox 204 2339 279 2422; x_wconf 82' lang='lat'>360.</span> <span class='ocrx_word' id='word_1_155' title='bbox 305 2343 338 2399; x_wconf 85' lang='lat' dir='ltr'>st</span> <span class='ocrx_word' id='word_1_156' title='bbox 360 2352 434 2420; x_wconf 88' lang='lat'>371.</span> <span class='ocrx_word' id='word_1_157' title='bbox 480 2332 723 2417; x_wconf 83' lang='lat' dir='ltr'>Bavaregioquo.</span> <span class='ocrx_word' id='word_1_158' title='bbox 768 2333 921 2398; x_wconf 78' lang='lat' dir='ltr'>Oonfems</span> <span class='ocrx_word' id='word_1_159' title='bbox 941 2343 976 2399; x_wconf 86' lang='lat' dir='ltr'>ot</span> <span class='ocrx_word' id='word_1_160' title='bbox 999 2334 1095 2398; x_wconf 87' lang='lat' dir='ltr'>finem</span> <span class='ocrx_word' id='word_1_161' title='bbox 1117 2333 1255 2398; x_wconf 74' lang='lat' dir='ltr'>(iunonis</span> 
     </span>
     <span class='ocr_line' id='line_1_20' title="bbox 206 2435 1255 2521; baseline -0.003 -19"><span class='ocrx_word' id='word_1_162' title='bbox 206 2437 253 2502; x_wconf 87' lang='lat' dir='ltr'>X.</span> <span class='ocrx_word' id='word_1_163' title='bbox 278 2436 409 2504; x_wconf 78' lang='lat' dir='ltr'>Gouoilii</span> <span class='ocrx_word' id='word_1_164' title='bbox 430 2435 608 2501; x_wconf 77' lang='lat' dir='ltr'>Antiootoai</span> <span class='ocrx_word' id='word_1_165' title='bbox 626 2435 695 2520; x_wconf 88' lang='lat' dir='ltr'>jam</span> <span class='ocrx_word' id='word_1_166' title='bbox 720 2436 852 2500; x_wconf 82' lang='lat' dir='ltr'>adducti</span> <span class='ocrx_word' id='word_1_167' title='bbox 874 2459 905 2521; x_wconf 92' lang='lat' dir='ltr'>p.</span> <span class='ocrx_word' id='word_1_168' title='bbox 925 2457 997 2518; x_wconf 84' lang='lat'>149.</span> <span class='ocrx_word' id='word_1_169' title='bbox 1024 2435 1160 2500; x_wconf 81' lang='lat' dir='ltr'>Etiamsi</span> <span class='ocrx_word' id='word_1_170' title='bbox 1180 2456 1255 2499; x_wconf 88' lang='lat' dir='ltr'>vero</span> 
     </span>
     <span class='ocr_line' id='line_1_21' title="bbox 204 2535 1255 2624; baseline -0.006 -19"><span class='ocrx_word' id='word_1_171' title='bbox 204 2538 309 2605; x_wconf 86' lang='lat' dir='ltr'>ultera</span> <span class='ocrx_word' id='word_1_172' title='bbox 323 2539 513 2624; x_wconf 81' lang='lat' dir='ltr'>praeferatur</span> <span class='ocrx_word' id='word_1_173' title='bbox 526 2537 630 2616; x_wconf 80' lang='lat' dir='ltr'>lentio,</span> <span class='ocrx_word' id='word_1_174' title='bbox 647 2543 756 2602; x_wconf 87' lang='lat' dir='ltr'>tamen</span> <span class='ocrx_word' id='word_1_175' title='bbox 771 2537 857 2602; x_wconf 90' lang='lat' dir='ltr'>nulla</span> <span class='ocrx_word' id='word_1_176' title='bbox 871 2537 905 2601; x_wconf 91' lang='lat' dir='ltr'>iu</span> <span class='ocrx_word' id='word_1_177' title='bbox 919 2558 954 2602; x_wconf 87' lang='lat' dir='ltr'>re</span> <span class='ocrx_word' id='word_1_178' title='bbox 967 2536 1120 2602; x_wconf 77' lang='lat' dir='ltr'>momenti</span> <span class='ocrx_word' id='word_1_179' title='bbox 1136 2535 1255 2621; x_wconf 70' lang='lat' dir='ltr'>aliquid</span> 
     </span>
     <span class='ocr_line' id='line_1_22' title="bbox 205 2638 1256 2725; baseline -0.005 -17"><span class='ocrx_word' id='word_1_180' title='bbox 205 2642 345 2708; x_wconf 75' lang='lat' dir='ltr'>habente</span> <span class='ocrx_word' id='word_1_181' title='bbox 374 2641 619 2706; x_wconf 78' lang='lat' dir='ltr'>labefactabitur</span> <span class='ocrx_word' id='word_1_182' title='bbox 645 2640 879 2725; x_wconf 83' lang='lat' dir='ltr'>interpretatio,</span> <span class='ocrx_word' id='word_1_183' title='bbox 904 2660 976 2725; x_wconf 82' lang='lat' dir='ltr'>quae</span> <span class='ocrx_word' id='word_1_184' title='bbox 1000 2639 1096 2725; x_wconf 83' lang='lat' dir='ltr'>hujus</span> <span class='ocrx_word' id='word_1_185' title='bbox 1117 2638 1256 2704; x_wconf 80' lang='lat' dir='ltr'>Oanouis</span> 
     </span>
     <span class='ocr_line' id='line_1_23' title="bbox 204 2741 699 2830; baseline -0.006 -21"><span class='ocrx_word' id='word_1_186' title='bbox 204 2744 239 2809; x_wconf 91' lang='lat' dir='ltr'>iu</span> <span class='ocrx_word' id='word_1_187' title='bbox 253 2743 467 2830; x_wconf 83' lang='lat' dir='ltr'>superioribus</span> <span class='ocrx_word' id='word_1_188' title='bbox 482 2749 532 2807; x_wconf 89' lang='lat' dir='ltr'>est</span> <span class='ocrx_word' id='word_1_189' title='bbox 546 2741 699 2808; x_wconf 83' lang='lat' dir='ltr'>stabilita.</span> 
     </span>
    </p>

    <p class='ocr_par' dir='ltr' id='par_1_6' title="bbox 204 2840 1257 4460">
     <span class='ocr_line' id='line_1_24' title="bbox 251 2840 1256 2930; baseline -0.008 -19"><span class='ocrx_word' id='word_1_190' title='bbox 251 2846 336 2911; x_wconf 87' lang='lat' dir='ltr'>ibid.</span> <span class='ocrx_word' id='word_1_191' title='bbox 352 2845 372 2910; x_wconf 89' lang='lat' dir='ltr'>l.</span> <span class='ocrx_word' id='word_1_192' title='bbox 392 2863 440 2926; x_wconf 89' lang='grc'>17.</span> <span class='ocrx_word' id='word_1_193' title='bbox 462 2844 616 2930; x_wconf 74' lang='grc' dir='ltr'>παροικίᾳ]</span> <span class='ocrx_word' id='word_1_194' title='bbox 648 2843 770 2930; x_wconf 84' lang='grc' dir='ltr'>Αοοὶρο</span> <span class='ocrx_word' id='word_1_195' title='bbox 790 2844 927 2909; x_wconf 82' lang='lat' dir='ltr'>Zonarae</span> <span class='ocrx_word' id='word_1_196' title='bbox 944 2842 1205 2927; x_wconf 80' lang='lat' dir='ltr'>Balsamouisquo</span> <span class='ocrx_word' id='word_1_197' title='bbox 1222 2840 1256 2904; x_wconf 92' lang='lat' dir='ltr'>iu</span> 
     </span>
     <span class='ocr_line' id='line_1_25' title="bbox 206 2943 1256 3028; baseline -0.009 -13"><span class='ocrx_word' id='word_1_198' title='bbox 206 2948 371 3015; x_wconf 76' lang='lat' dir='ltr'>canonem</span> <span class='ocrx_word' id='word_1_199' title='bbox 388 2948 629 3011; x_wconf 74' lang='grc' dir='ltr'>Οοοιαιινίοτίοι.</span> <span class='ocrx_word' id='word_1_200' title='bbox 648 2948 793 3011; x_wconf 81' lang='lat' dir='ltr'>Zonaras</span> <span class='ocrx_word' id='word_1_201' title='bbox 813 2947 878 3011; x_wconf 90' lang='lat' dir='ltr'>ait:</span> <span class='ocrx_word' id='word_1_202' title='bbox 907 2945 947 3011; x_wconf 69' lang='grc' dir='ltr'>Ὀ</span> <span class='ocrx_word' id='word_1_203' title='bbox 967 2950 1019 3025; x_wconf 77' lang='grc' dir='ltr'>τῆς</span> <span class='ocrx_word' id='word_1_204' title='bbox 1039 2947 1073 3009; x_wconf 75' lang='grc' dir='ltr'>ἐν</span> <span class='ocrx_word' id='word_1_205' title='bbox 1085 2943 1256 3028; x_wconf 74' lang='grc' dir='ltr'>Ἀντιοχείᾳ</span> 
     </span>
     <span class='ocr_line' id='line_1_26' title="bbox 206 3047 1255 3132; baseline -0.009 -15"><span class='ocrx_word' id='word_1_206' title='bbox 206 3054 335 3117; x_wconf 83' lang='grc' dir='ltr'>συνόδου</span> <span class='ocrx_word' id='word_1_207' title='bbox 350 3049 471 3117; x_wconf 88' lang='grc' dir='ltr'>δέκατος</span> <span class='ocrx_word' id='word_1_208' title='bbox 486 3050 584 3113; x_wconf 77' lang='grc' dir='ltr'>κανὼν</span> <span class='ocrx_word' id='word_1_209' title='bbox 598 3052 635 3113; x_wconf 77' lang='grc' dir='ltr'>τὰ</span> <span class='ocrx_word' id='word_1_210' title='bbox 650 3049 724 3112; x_wconf 76' lang='lat' dir='ltr'>airh</span> <span class='ocrx_word' id='word_1_211' title='bbox 738 3050 805 3130; x_wconf 85' lang='grc' dir='ltr'>περὶ</span> <span class='ocrx_word' id='word_1_212' title='bbox 824 3056 882 3112; x_wconf 82' lang='grc' dir='ltr'>τῶν</span> <span class='ocrx_word' id='word_1_213' title='bbox 904 3050 1138 3132; x_wconf 88' lang='grc' dir='ltr'>χωρεπιοκόπων</span> <span class='ocrx_word' id='word_1_214' title='bbox 1156 3047 1255 3126; x_wconf 75' lang='grc' dir='ltr'>θρίζει,</span> 
     </span>
     <span class='ocr_line' id='line_1_27' title="bbox 207 3149 1257 3236; baseline -0.005 -17"><span class='ocrx_word' id='word_1_215' title='bbox 207 3154 403 3236; x_wconf 80' lang='grc' dir='ltr'>δπαγορεόων</span> <span class='ocrx_word' id='word_1_216' title='bbox 417 3152 517 3219; x_wconf 79' lang='grc' dir='ltr'>αὐτοῖς</span> <span class='ocrx_word' id='word_1_217' title='bbox 532 3153 720 3235; x_wconf 82' lang='grc' dir='ltr'>χειροτονίαν</span> <span class='ocrx_word' id='word_1_218' title='bbox 734 3152 939 3233; x_wconf 86' lang='grc' dir='ltr'>πρεσβυτέρου</span> <span class='ocrx_word' id='word_1_219' title='bbox 952 3149 971 3230; x_wconf 79' lang='grc' dir='ltr'>ἢ</span> <span class='ocrx_word' id='word_1_220' title='bbox 985 3152 1132 3223; x_wconf 88' lang='grc' dir='ltr'>διακόνου,</span> <span class='ocrx_word' id='word_1_221' title='bbox 1147 3151 1257 3228; x_wconf 74' lang='grc' dir='ltr'>μόνους</span> 
     </span>
     <span class='ocr_line' id='line_1_28' title="bbox 207 3252 1257 3338; baseline -0.007 -18"><span class='ocrx_word' id='word_1_222' title='bbox 207 3258 240 3321; x_wconf 71' lang='grc' dir='ltr'>δέ</span> <span class='ocrx_word' id='word_1_223' title='bbox 266 3253 431 3338; x_wconf 81' lang='grc' dir='ltr'>ἐπιτρέπων</span> <span class='ocrx_word' id='word_1_224' title='bbox 456 3261 640 3337; x_wconf 83' lang='grc' dir='ltr'>χειροτονεῖν</span> <span class='ocrx_word' id='word_1_225' title='bbox 668 3256 879 3322; x_wconf 76' lang='grc' dir='ltr'>ὑποδιακόνους</span> <span class='ocrx_word' id='word_1_226' title='bbox 903 3254 952 3318; x_wconf 88' lang='grc' dir='ltr'>καῖ</span> <span class='ocrx_word' id='word_1_227' title='bbox 976 3252 1181 3334; x_wconf 80' lang='grc' dir='ltr'>ἆναγνοίστας,</span> <span class='ocrx_word' id='word_1_228' title='bbox 1208 3252 1257 3314; x_wconf 81' lang='grc' dir='ltr'>καῖ</span> 
     </span>
     <span class='ocr_line' id='line_1_29' title="bbox 206 3355 1256 3440; baseline -0.007 -18"><span class='ocrx_word' id='word_1_229' title='bbox 206 3356 394 3440; x_wconf 76' lang='grc' dir='ltr'>έφορκιατός·</span> <span class='ocrx_word' id='word_1_230' title='bbox 417 3357 489 3421; x_wconf 82' lang='grc' dir='ltr'>δνευ</span> <span class='ocrx_word' id='word_1_231' title='bbox 503 3358 535 3420; x_wconf 76' lang='grc' dir='ltr'>δὲ</span> <span class='ocrx_word' id='word_1_232' title='bbox 552 3355 711 3438; x_wconf 75' lang='grc' dir='ltr'>έπιτροπῆς</span> <span class='ocrx_word' id='word_1_233' title='bbox 732 3361 791 3420; x_wconf 79' lang='grc' dir='ltr'>τῶν</span> <span class='ocrx_word' id='word_1_234' title='bbox 813 3355 988 3421; x_wconf 87' lang='grc' dir='ltr'>έπισκόπων</span> <span class='ocrx_word' id='word_1_235' title='bbox 1009 3356 1054 3421; x_wconf 87' lang='grc' dir='ltr'>οῖς</span> <span class='ocrx_word' id='word_1_236' title='bbox 1074 3355 1256 3427; x_wconf 70' lang='grc' dir='ltr'>ὑπόκεινται,</span> 
     </span>
     <span class='ocr_line' id='line_1_30' title="bbox 205 3456 1255 3539; baseline -0.005 -17"><span class='ocrx_word' id='word_1_237' title='bbox 205 3460 245 3539; x_wconf 73' lang='grc' dir='ltr'>μὴ</span> <span class='ocrx_word' id='word_1_238' title='bbox 272 3461 383 3538; x_wconf 72' lang='grc' dir='ltr'>έξεῖναι</span> <span class='ocrx_word' id='word_1_239' title='bbox 409 3458 509 3525; x_wconf 76' lang='grc' dir='ltr'>αὐτοῖς</span> <span class='ocrx_word' id='word_1_240' title='bbox 530 3460 736 3538; x_wconf 68' lang='grc' dir='ltr'>πρεσβύτερον</span> <span class='ocrx_word' id='word_1_241' title='bbox 757 3456 775 3536; x_wconf 78' lang='grc' dir='ltr'><em>ἣ</em></span> <span class='ocrx_word' id='word_1_242' title='bbox 797 3458 936 3521; x_wconf 87' lang='grc' dir='ltr'>διόκονον</span> <span class='ocrx_word' id='word_1_243' title='bbox 956 3460 1151 3539; x_wconf 83' lang='grc' dir='ltr'>χειροτονεῖν,</span> <span class='ocrx_word' id='word_1_244' title='bbox 1173 3456 1255 3517; x_wconf 82' lang='grc' dir='ltr'>δλλδ</span> 
     </span>
     <span class='ocr_line' id='line_1_31' title="bbox 204 3558 1250 3644; baseline -0.003 -19"><span class='ocrx_word' id='word_1_245' title='bbox 204 3564 278 3643; x_wconf 57' lang='lat' dir='ltr'>aab&amp;</span> <span class='ocrx_word' id='word_1_246' title='bbox 291 3560 513 3642; x_wconf 84' lang='grc' dir='ltr'>πρεσβυτέρους</span> <span class='ocrx_word' id='word_1_247' title='bbox 527 3559 561 3624; x_wconf 82' lang='grc' dir='ltr'>ἐν</span> <span class='ocrx_word' id='word_1_248' title='bbox 575 3560 686 3624; x_wconf 90' lang='grc' dir='ltr'>πολέσι</span> <span class='ocrx_word' id='word_1_249' title='bbox 701 3564 856 3644; x_wconf 76' lang='grc' dir='ltr'>καθἰστᾷν·</span> <span class='ocrx_word' id='word_1_250' title='bbox 881 3562 908 3623; x_wconf 79' lang='grc' dir='ltr'>εἰ</span> <span class='ocrx_word' id='word_1_251' title='bbox 920 3563 980 3641; x_wconf 79' lang='grc' dir='ltr'>γδρ</span> <span class='ocrx_word' id='word_1_252' title='bbox 994 3558 1030 3623; x_wconf 89' lang='grc' dir='ltr'>εὐ</span> <span class='ocrx_word' id='word_1_253' title='bbox 1048 3563 1110 3623; x_wconf 87' lang='grc' dir='ltr'>τοῖς</span> <span class='ocrx_word' id='word_1_254' title='bbox 1128 3559 1250 3638; x_wconf 74' lang='grc' dir='ltr'>χώραις,</span> 
     </span>
     <span class='ocr_line' id='line_1_32' title="bbox 205 3658 1251 3746; baseline -0.003 -18"><span class='ocrx_word' id='word_1_255' title='bbox 205 3664 240 3729; x_wconf 75' lang='grc' dir='ltr'>ἐν</span> <span class='ocrx_word' id='word_1_256' title='bbox 255 3665 301 3731; x_wconf 84' lang='grc' dir='ltr'>αῖς</span> <span class='ocrx_word' id='word_1_257' title='bbox 320 3662 546 3739; x_wconf 68' lang='grc' dir='ltr'>ἐπισκοποῦσιν,</span> <span class='ocrx_word' id='word_1_258' title='bbox 569 3662 604 3726; x_wconf 83' lang='grc' dir='ltr'>αθ</span> <span class='ocrx_word' id='word_1_259' title='bbox 624 3665 764 3727; x_wconf 78' lang='grc' dir='ltr'>δύνανται</span> <span class='ocrx_word' id='word_1_260' title='bbox 783 3667 968 3746; x_wconf 81' lang='grc' dir='ltr'>χειροτονεῖν</span> <span class='ocrx_word' id='word_1_261' title='bbox 987 3663 1054 3727; x_wconf 82' lang='grc' dir='ltr'>τοὺς</span> <span class='ocrx_word' id='word_1_262' title='bbox 1072 3658 1251 3740; x_wconf 76' lang='grc' dir='ltr'>είρημένονς,</span> 
     </span>
     <span class='ocr_line' id='line_1_33' title="bbox 204 3760 1253 3845; baseline -0.007 -16"><span class='ocrx_word' id='word_1_263' title='bbox 204 3769 324 3845; x_wconf 86' lang='grc' dir='ltr'>μῖιλλον</span> <span class='ocrx_word' id='word_1_264' title='bbox 345 3764 380 3829; x_wconf 80' lang='grc' dir='ltr'>ἐν</span> <span class='ocrx_word' id='word_1_265' title='bbox 400 3767 511 3827; x_wconf 86' lang='grc' dir='ltr'>πόλεσι</span> <span class='ocrx_word' id='word_1_266' title='bbox 533 3768 619 3827; x_wconf 78' lang='grc' dir='ltr'>τοῦτο</span> <span class='ocrx_word' id='word_1_267' title='bbox 643 3770 740 3827; x_wconf 91' lang='grc' dir='ltr'>ποιεῖν</span> <span class='ocrx_word' id='word_1_268' title='bbox 763 3766 937 3835; x_wconf 76' lang='grc' dir='ltr'>κωλύονται,</span> <span class='ocrx_word' id='word_1_269' title='bbox 960 3762 1014 3841; x_wconf 76' lang='grc' dir='ltr'>τὴν</span> <span class='ocrx_word' id='word_1_270' title='bbox 1036 3764 1069 3826; x_wconf 75' lang='grc' dir='ltr'>δέ</span> <span class='ocrx_word' id='word_1_271' title='bbox 1090 3760 1253 3841; x_wconf 67' lang='grc' dir='ltr'>ἐπιτροπὴν</span> 
     </span>
     <span class='ocr_line' id='line_1_34' title="bbox 205 3861 1255 3947; baseline -0.006 -18"><span class='ocrx_word' id='word_1_272' title='bbox 205 3866 350 3945; x_wconf 77' lang='grc' dir='ltr'>βούλεται</span> <span class='ocrx_word' id='word_1_273' title='bbox 364 3865 381 3927; x_wconf 88' lang='grc' dir='ltr'>ό</span> <span class='ocrx_word' id='word_1_274' title='bbox 397 3866 496 3927; x_wconf 76' lang='lat' dir='ltr'>novbr</span> <span class='ocrx_word' id='word_1_275' title='bbox 510 3867 559 3928; x_wconf 80' lang='grc' dir='ltr'>διδ</span> <span class='ocrx_word' id='word_1_276' title='bbox 573 3863 754 3946; x_wconf 74' lang='grc' dir='ltr'>γραμμάτων</span> <span class='ocrx_word' id='word_1_277' title='bbox 767 3866 917 3947; x_wconf 88' lang='grc' dir='ltr'>γίνεσθαι,</span> <span class='ocrx_word' id='word_1_278' title='bbox 932 3864 997 3942; x_wconf 83' lang='grc' dir='ltr'>ἤτοι</span> <span class='ocrx_word' id='word_1_279' title='bbox 1019 3863 1185 3944; x_wconf 73' lang='grc' dir='ltr'>ἔγγραφον,</span> <span class='ocrx_word' id='word_1_280' title='bbox 1203 3861 1255 3923; x_wconf 75' lang='grc' dir='ltr'>ἵνα</span> 
     </span>
     <span class='ocr_line' id='line_1_35' title="bbox 205 3964 1256 4049; baseline 0 -21"><span class='ocrx_word' id='word_1_281' title='bbox 205 3966 245 4045; x_wconf 83' lang='grc' dir='ltr'>μή</span> <span class='ocrx_word' id='word_1_282' title='bbox 256 3990 299 4033; x_wconf 84' lang='grc' dir='ltr'>τις</span> <span class='ocrx_word' id='word_1_283' title='bbox 310 3968 355 4045; x_wconf 80' lang='grc' dir='ltr'>εἴη</span> <span class='ocrx_word' id='word_1_284' title='bbox 366 3968 432 4047; x_wconf 82' lang='grc' dir='ltr'>περὶ</span> <span class='ocrx_word' id='word_1_285' title='bbox 441 3968 545 4029; x_wconf 77' lang='grc' dir='ltr'>τούτου</span> <span class='ocrx_word' id='word_1_286' title='bbox 556 3967 735 4047; x_wconf 77' lang='grc' dir='ltr'>ἀμφιβολία,</span> <span class='ocrx_word' id='word_1_287' title='bbox 746 3972 798 4029; x_wconf 81' lang='grc' dir='ltr'>τοῦ</span> <span class='ocrx_word' id='word_1_288' title='bbox 806 3969 864 4047; x_wconf 73' lang='grc' dir='ltr'>μὶν</span> <span class='ocrx_word' id='word_1_289' title='bbox 873 3966 1101 4049; x_wconf 90' lang='grc' dir='ltr'>χωρεπιοκόπου</span> <span class='ocrx_word' id='word_1_290' title='bbox 1110 3964 1256 4043; x_wconf 83' lang='grc' dir='ltr'>λέγοντος</span> 
     </span>
     <span class='ocr_line' id='line_1_36' title="bbox 206 4060 1255 4149; baseline -0.003 -20"><span class='ocrx_word' id='word_1_291' title='bbox 206 4065 410 4148; x_wconf 73' lang='grc' dir='ltr'>ἐπιτραπῆναι,</span> <span class='ocrx_word' id='word_1_292' title='bbox 426 4072 479 4129; x_wconf 89' lang='grc' dir='ltr'>τοῦ</span> <span class='ocrx_word' id='word_1_293' title='bbox 494 4068 526 4129; x_wconf 72' lang='grc' dir='ltr'>δὲ</span> <span class='ocrx_word' id='word_1_294' title='bbox 541 4065 704 4131; x_wconf 88' lang='grc' dir='ltr'>ε’πισκόπου</span> <span class='ocrx_word' id='word_1_295' title='bbox 720 4068 903 4149; x_wconf 82' lang='grc' dir='ltr'>ἀρνουμένου</span> <span class='ocrx_word' id='word_1_296' title='bbox 916 4065 1032 4146; x_wconf 59' lang='lat' dir='ltr'>foeni]</span> <span class='ocrx_word' id='word_1_297' title='bbox 1051 4069 1100 4129; x_wconf 81' lang='grc' dir='ltr'>διδ</span> <span class='ocrx_word' id='word_1_298' title='bbox 1120 4064 1217 4142; x_wconf 78' lang='grc' dir='ltr'>λήθην</span> <span class='ocrx_word' id='word_1_299' title='bbox 1236 4060 1255 4141; x_wconf 77' lang='grc' dir='ltr'><strong><em>ἣ</em></strong></span> 
     </span>
     <span class='ocr_line' id='line_1_37' title="bbox 206 4166 1254 4250; baseline -0.006 -18"><span class='ocrx_word' id='word_1_300' title='bbox 206 4170 317 4235; x_wconf 76' lang='grc' dir='ltr'>ἄλλως.</span> <span class='ocrx_word' id='word_1_301' title='bbox 362 4168 533 4232; x_wconf 80' lang='lat' dir='ltr'>Balsamo:</span> <span class='ocrx_word' id='word_1_302' title='bbox 569 4172 607 4233; x_wconf 84' lang='grc' dir='ltr'>Εί</span> <span class='ocrx_word' id='word_1_303' title='bbox 629 4169 729 4236; x_wconf 83' lang='grc' dir='ltr'>θέλεις</span> <span class='ocrx_word' id='word_1_304' title='bbox 752 4176 861 4250; x_wconf 89' lang='grc' dir='ltr'>μαθεῖν</span> <span class='ocrx_word' id='word_1_305' title='bbox 882 4172 962 4237; x_wconf 89' lang='grc' dir='ltr'>τίνες</span> <span class='ocrx_word' id='word_1_306' title='bbox 981 4169 1059 4233; x_wconf 79' lang='grc' dir='ltr'>είοῖυ</span> <span class='ocrx_word' id='word_1_307' title='bbox 1078 4169 1108 4230; x_wconf 83' lang='grc' dir='ltr'>οῖ</span> <span class='ocrx_word' id='word_1_308' title='bbox 1129 4166 1254 4248; x_wconf 80' lang='grc' dir='ltr'>χορεπί</span> 
     </span>
     <span class='ocr_line' id='line_1_38' title="bbox 206 4268 1252 4354; baseline -0.003 -23"><span class='ocrx_word' id='word_1_309' title='bbox 206 4294 314 4333; x_wconf 90' lang='grc' dir='ltr'>σκοποι</span> <span class='ocrx_word' id='word_1_310' title='bbox 332 4272 380 4335; x_wconf 81' lang='grc' dir='ltr'>καῖ</span> <span class='ocrx_word' id='word_1_311' title='bbox 393 4273 462 4335; x_wconf 86' lang='grc' dir='ltr'>τίνα</span> <span class='ocrx_word' id='word_1_312' title='bbox 477 4274 513 4335; x_wconf 76' lang='lat' dir='ltr'>rb</span> <span class='ocrx_word' id='word_1_313' title='bbox 528 4273 639 4335; x_wconf 74' lang='grc' dir='ltr'>τούτων</span> <span class='ocrx_word' id='word_1_314' title='bbox 659 4274 816 4350; x_wconf 87' lang='grc' dir='ltr'>προνόμια,</span> <span class='ocrx_word' id='word_1_315' title='bbox 832 4272 983 4354; x_wconf 82' lang='grc' dir='ltr'>θνόγνωθι</span> <span class='ocrx_word' id='word_1_316' title='bbox 1004 4275 1055 4349; x_wconf 77' lang='grc' dir='ltr'>τῆς</span> <span class='ocrx_word' id='word_1_317' title='bbox 1076 4268 1112 4334; x_wconf 75' lang='grc' dir='ltr'>ἓν</span> <span class='ocrx_word' id='word_1_318' title='bbox 1125 4274 1252 4331; x_wconf 88' lang='grc' dir='ltr'>Νεοκαι-</span> 
     </span>
     <span class='ocr_line' id='line_1_39' title="bbox 206 4369 1255 4460; baseline -0.004 -27"><span class='ocrx_word' id='word_1_319' title='bbox 206 4374 312 4457; x_wconf 85' lang='grc' dir='ltr'>σαρείᾳ</span> <span class='ocrx_word' id='word_1_320' title='bbox 327 4375 455 4438; x_wconf 88' lang='grc' dir='ltr'>συνόδου</span> <span class='ocrx_word' id='word_1_321' title='bbox 470 4374 583 4439; x_wconf 85' lang='grc' dir='ltr'>κανόνα</span> <span class='ocrx_word' id='word_1_322' title='bbox 598 4372 646 4455; x_wconf 85' lang='grc' dir='ltr'>ιγ’.</span> <span class='ocrx_word' id='word_1_323' title='bbox 669 4381 721 4457; x_wconf 81' lang='grc' dir='ltr'>τῆς</span> <span class='ocrx_word' id='word_1_324' title='bbox 735 4372 769 4438; x_wconf 78' lang='grc' dir='ltr'>ἐν</span> <span class='ocrx_word' id='word_1_325' title='bbox 782 4374 952 4460; x_wconf 85' lang='grc' dir='ltr'>Ἀντιοχείᾳ</span> <span class='ocrx_word' id='word_1_326' title='bbox 968 4375 1079 4437; x_wconf 91' lang='grc' dir='ltr'>κανόνα</span> <span class='ocrx_word' id='word_1_327' title='bbox 1089 4371 1118 4435; x_wconf 82' lang='grc' dir='ltr'>ι’.</span> <span class='ocrx_word' id='word_1_328' title='bbox 1142 4371 1189 4436; x_wconf 80' lang='grc' dir='ltr'>καῖ</span> <span class='ocrx_word' id='word_1_329' title='bbox 1200 4369 1255 4445; x_wconf 75' lang='grc' dir='ltr'>τὴν</span> 
     </span>
    </p>

    <p class='ocr_par' dir='ltr' id='par_1_7' title="bbox 702 4495 758 4541">
     <span class='ocr_line' id='line_1_40' title="bbox 702 4495 758 4541; baseline 0.071 -4"><span class='ocrx_word' id='word_1_330' title='bbox 702 4498 722 4537; x_wconf 84' lang='lat' dir='ltr'>X</span> <span class='ocrx_word' id='word_1_331' title='bbox 741 4495 758 4541; x_wconf 77' lang='lat'><em>2</em></span> 
     </span>
    </p>
   </div>
   <div class='ocr_carea' id='block_1_5' title="bbox 0 0 1627 5150">
    <p class='ocr_par' dir='ltr' id='par_1_8' title="bbox 0 0 1627 5150">
     <span class='ocr_line' id='line_1_41' title="bbox 0 0 1627 5150; baseline 0 0"><span class='ocrx_word' id='word_1_332' title='bbox 0 0 1627 5150; x_wconf 95' lang='lat' dir='ltr'> </span> 
     </span>
    </p>
   </div>
  </div>
 </body>
</html>
