3242 5150
381 409 447 472 832
565 408 723 472 GESTA
747 406 879 469 APUD
902 405 1237 468 ZENOPHILUM.

382 577 500 660 dequo
520 575 669 640 olamavit
687 575 822 659 populus
841 574 937 638 biduo
952 581 1024 660 post
1045 573 1157 658 ipare:
1186 573 1311 638 Exaudi
1329 573 1430 648 Deus,

382 687 482 750 nivem
496 695 641 749 nostrum
655 684 808 747 volumus.
839 684 1031 768 Zenophilus
1047 686 1085 748 V.
1099 683 1137 747 C.
1152 683 1327 747 consularis
1338 683 1429 745 Nun-

382 795 506 859 dinario
528 794 627 858 dixit:
663 794 759 858 Certe
784 793 932 858 clamavit
957 793 1017 857 hoo
1043 794 1197 879 populus?
1230 791 1426 875 Respondit:

381 905 548 970 Clamavit.
592 904 786 990 Zenophilus
813 906 851 968 V.
867 903 903 969 0.
932 903 1104 968 eonsularis
1132 903 1305 966 Saturnino
1327 901 1428 964 dixit:

382 1015 584 1079 Traditorem
603 1013 752 1078 clamavit
767 1013 949 1077 Silvanum!
972 1013 1163 1078 Saturninus
1177 1010 1279 1075 dixit:
1296 1010 1429 1093 Utique.

382 1124 599 1189 Nundinarius
620 1125 721 1189 dixit:
747 1124 882 1205 Quando
904 1124 1008 1187 iaetus
1029 1130 1078 1189 est
1100 1122 1276 1206 episeopus,
1300 1141 1363 1183 non
1385 1119 1428 1182 illi

382 1239 690 1312 oommunioavimus,
705 1234 780 1319 quia
794 1234 960 1297 dicebatur
974 1233 1112 1297 traditor
1127 1255 1205 1296 esse.
1240 1230 1429 1294 Saturninus

381 1348 481 1412 dixit:
518 1349 610 1428 Quod
633 1348 720 1422 dicit,
744 1367 852 1409 verum
878 1351 939 1408 est.
986 1342 1203 1405 Nundinarius
1225 1340 1326 1403 dixit:
1356 1339 1428 1401 Vidi

382 1458 457 1541 quia
471 1457 586 1521 Mutus
600 1455 786 1520 harenarius
799 1453 875 1518 tulit
889 1473 961 1516 euin
976 1452 1009 1514 in
1020 1451 1108 1514 nolio.
1136 1447 1329 1533 Zenophilus
1343 1451 1377 1511 V.
1390 1451 1427 1512 C.

381 1567 555 1630 consularis
582 1565 755 1631 Saturnino
780 1563 879 1626 dixit:
915 1562 966 1624 Sia
992 1561 1112 1623 sautum
1137 1561 1206 1623 esti
1238 1557 1428 1622 Saturninus

382 1677 481 1740 dixit:
511 1677 574 1739 Sio.
597 1673 792 1760 ZenophiIus
818 1673 853 1734 V.
867 1673 904 1735 C.
928 1669 1101 1733 consularis
1123 1665 1222 1732 dixit:
1248 1668 1332 1730 Vera
1354 1674 1428 1730 sunt

382 1786 489 1848 omnia
503 1806 573 1868 quse
589 1783 667 1846 dieit
682 1781 909 1856 Nundinarius,
926 1780 1000 1863 quia
1014 1777 1056 1840 ab
1071 1776 1246 1840 harenariis
1260 1776 1364 1839 iaetus
1378 1783 1428 1840 est

382 1895 546 1979 episeopus
571 1893 736 1956 Silvanus!
763 1888 953 1954 Saturninus
976 1889 1069 1952 dixit:
1105 1887 1189 1950 Vera
1213 1885 1428 1948 Nundinarius

382 2003 473 2066 dixit.
490 2000 675 2084 prostibulae
689 1999 751 2062 illio
766 1999 904 2061 fuerunt.
945 1994 1137 2080 Zenophilus
1155 1996 1190 2058 V.
1203 1995 1237 2059 0.
1256 1993 1428 2058 consularis

383 2113 556 2178 Saturnino
570 2110 669 2174 dixit:
697 2107 868 2172 Harenarii
884 2106 970 2170 illum
985 2107 1211 2191 gestaverunt?
1238 2105 1428 2169 Saturninus

381 2223 478 2286 dixit:
504 2222 571 2306 ipsi
591 2243 663 2284 eum
683 2220 836 2294 tulerunt,
852 2227 886 2282 et
908 2217 1051 2302 populus.
1098 2215 1180 2280 Nam
1199 2215 1280 2279 nives
1300 2215 1333 2278 in
1352 2235 1429 2279 area

380 2337 557 2414 martyrum
579 2330 707 2392 fuerunt
732 2326 853 2390 inclusi.
899 2325 1115 2389 Nundinarius
1135 2324 1237 2389 dixit:
1265 2323 1427 2408 Numquid

380 2441 515 2526 populus
540 2439 601 2503 Dei
623 2438 667 2502 ibi
689 2437 772 2500 fuiti
804 2435 995 2500 Saturninus
1017 2434 1118 2498 dixit:
1144 2435 1184 2496 In
1209 2455 1283 2498 oasa
1307 2435 1428 2518 majore

380 2549 442 2614 suit
466 2549 613 2615 inclusus.
658 2546 851 2631 Zenophilus
877 2547 916 2608 V.
938 2544 972 2609 O.
996 2543 1169 2609 consularis
1194 2543 1294 2609 dixit:
1329 2543 1428 2609 Certe

379 2659 487 2723 omnia
501 2680 572 2743 quae
586 2656 665 2721 dioit
680 2653 906 2729 Nundinarius,
918 2674 993 2717 vera
1003 2656 1100 2718 sunt!
1124 2654 1314 2719 Saturninus
1325 2652 1407 2718 dixit
1422 2678 1429 2716 :

379 2771 473 2833 Vera.
519 2766 712 2852 Zenophilus
726 2767 764 2827 V.
774 2764 809 2829 0.
826 2761 1000 2827 oonsularis
1014 2762 1136 2826 kdixit:
1161 2762 1210 2827 Τιι
1229 2763 1305 2848 quid
1327 2762 1428 2827 diuisi

379 2877 491 2943 Victor
516 2876 618 2940 dixit:
655 2876 739 2939 Vera
767 2881 844 2938 sunt
873 2874 990 2949 omnia,
1020 2871 1165 2936 Domine.
1211 2872 1427 2937 Nundinarius

378 2988 482 3051 dixit:
506 2986 683 3069 Purpurius
698 2985 862 3069 episeopus
876 2984 952 3048 tulit
966 2993 1095 3047 eentum
1105 2982 1203 3047 folles.
1233 2983 1427 3069 Zenophilus

379 3094 465 3159 V.G.
490 3094 663 3158 consularis
686 3093 886 3157 Nundinario
908 3092 1007 3156 dixit:
1036 3094 1087 3156 De
1109 3093 1348 3177 quadringentis
1370 3093 1428 3156 iol·

310 3240 313 3243 ⁴
377 3204 461 3268 libus
476 3224 556 3287 quos
575 3210 671 3287 putas
692 3202 956 3287 interrogandos?
979 3202 1195 3267 Nundinarius
1210 3202 1310 3265 dixit:
1335 3202 1427 3266 Luni·

377 3334 458 3377 anus
473 3311 624 3376 diaeonus
634 3310 832 3383 exhibeatur,
844 3311 918 3393 quia
933 3311 1000 3394 ipse
1014 3320 1118 3376 toturn
1134 3311 1204 3375 soit.
1233 3310 1427 3396 Zenophilus

378 3422 416 3485 V.
433 3421 468 3485 0.
496 3418 670 3483 eonsularis
696 3417 895 3481 Nundinario
917 3418 1018 3483 dixit:
1051 3419 1119 3483 line
1146 3419 1273 3485 sciunt?
1305 3420 1427 3483 Nundi-

378 3530 486 3595 narius
514 3528 615 3594 dixit:
653 3528 726 3593 Non
755 3528 869 3593 sciunt.
914 3529 1107 3615 Zenophilus
1133 3531 1171 3593 V.
1191 3530 1226 3595 Ο.
1253 3530 1426 3595 consularis

377 3640 479 3706 dixit:
507 3639 709 3705 Exhibeatur
728 3638 899 3703 Lnoianus.
944 3638 1159 3704 Nundinarius
1179 3641 1279 3705 dixit:
1313 3641 1426 3705 Sciunt

376 3749 431 3815 isti
452 3756 601 3834 aooeptos
622 3770 692 3815 esse
713 3748 963 3834 quadringentos
983 3749 1090 3824 tolles3
1112 3751 1169 3813 sed
1191 3751 1266 3833 quia
1287 3749 1424 3835 episoopi

376 3882 431 3924 eos
442 3859 628 3936 diviserunt,
640 3860 795 3923 nesciunt.
831 3858 1024 3944 Zenophilus
1038 3860 1074 3923 V.
1085 3862 1122 3923 C.
1136 3860 1309 3923 consularis
1320 3857 1424 3922 ¹Nun-

376 3968 500 4033 dinario
522 3975 557 4032 et
579 3968 701 4032 Victori
716 3968 815 4032 dixit:
841 3968 936 4033 Soitis
955 3976 1104 4055 acceptos
1124 3992 1192 4033 esse
1212 3969 1301 4033 folles
1320 3990 1341 4034 a
1357 3970 1423 4032 Lu-

377 4075 468 4141 oillat
483 4076 675 4140 Saturninus
690 4082 723 4141 et
736 4056 848 4141 Viator
863 4077 1030 4142 dixerunt:
1054 4078 1186 4142 Soimus.
1232 4079 1427 4166 Zenophiius

455 4317 523 4377 ιιι.
536 4316 631 4379 aaut
732 4320 746 4357 ι
762 4320 824 4379 (sor.
839 4320 929 4367 viane
939 4320 1020 4379 nixu.)
1125 4322 1131 4360 ι
1147 4324 1188 4369 An
1199 4300 1351 4371 extusum:
