3242 5150
359 399 423 466 172
710 399 1063 467 ANNOTATIONES

743 721 897 788 OANON
921 722 1025 787 XXV.

403 881 440 942 P.
456 880 558 944 nol.
573 900 622 944 10.
635 883 828 967 ἑπιφορῆσαι]
849 881 902 947 Sio
924 904 983 968 pro
1003 880 1181 963 ἐπιφαρέσαι
1200 882 1406 968 Beveregins3

357 1003 451 1067 quem
473 1005 532 1068 ego
554 991 682 1048 secutus
705 1005 784 1063 sum,
808 992 978 1070 propterea
1003 983 1089 1068 quod
1115 985 1297 1065 ἑτιφσρῆσαι
1321 985 1409 1049 exhi-

356 1085 433 1149 bent
442 1085 584 1172 plerique
593 1108 701 1150 omnes
710 1085 783 1150 libri
789 1088 910 1173 empti,
923 1087 1022 1150 Codes
1032 1086 1408 1164 θαπαπυπιλιιινσίἰὶαιιυυ,

355 1187 499 1253 Zonaras
519 1196 553 1252 et
572 1188 733 1266 Belsem0‚
754 1188 778 1252 J
780 1211 961 1275 oannesque
984 1188 1213 1253 Antioohenus.
1259 1188 1322 1253 His
1339 1190 1408 1274 jem

354 1291 438 1355 eride
460 1290 635 1356 Pedolisen.
681 1291 795 1356 Posuit
816 1301 925 1358 eutem
947 1291 1048 1373 φορέει
1064 1290 1213 1355 AEmilius
1236 1290 1356 1356 Portus
1374 1293 1408 1356 in

354 1394 464 1458 Leoeieo
479 1417 537 1458 sno
550 1395 654 1458 Ionioo
664 1393 697 1457 in
708 1394 877 1458 verborum
886 1416 1028 1470 numero,
1038 1415 1109 1477 ques
1117 1393 1260 1456 futurum
1271 1400 1407 1478 utroque

352 1496 449 1559 modo
467 1496 639 1562 formatum
654 1497 784 1562 hebent.
811 1497 883 1561 vid.
900 1505 933 1562 ei
950 1495 1120 1560 Phanorini
1135 1495 1241 1560 Lario.
1256 1517 1285 1558 v.
1301 1502 1384 1559 ποιῶ.

398 1596 479 1663 lbid.
493 1598 512 1662 l.
534 1619 581 1684 13.
597 1597 748 1684 βαθμούς]
774 1599 832 1663 Ait
847 1599 1015 1663 Bolseno:
1044 1599 1121 1661 Ἀπὸ
1141 1597 1257 1679 φάττον
1277 1598 1357 1666 τινὸς
1377 1601 1406 1662 oi

308 1697 311 1708 '
353 1699 483 1781 πατέρες,
500 1701 738 1782 παρεκινήθησαν
760 1700 815 1764 τὸν
836 1703 970 1782 παρόντα
997 1702 1109 1764 κανόνα
1132 1698 1282 1762 ἐκθέσθαι
1312 1725 1405 1780 προσ-

353 1801 487 1882 ηγγέλθη
508 1806 567 1884 γὰρ
590 1803 696 1880 αὐτοῖς,
719 1805 765 1866 ὅτι
784 1804 939 1883 ἄνθρωπός
957 1828 1000 1869 τις
1019 1801 1283 1881 μνηστευσόμενος
1305 1804 1405 1883 κόρην,

354 1903 527 1985 συνεφθόρη
540 1906 616 1984 μετὰ
629 1908 680 1982 τῆς
694 1906 828 1986 ἀδελφῆς
843 1905 941 1983 αὐτῆς,
957 1905 996 1971 ὣς
1010 1904 1058 1967 καὶ
1068 1905 1142 1967 κατὰ
1152 1903 1286 1984 γαστέρα
1296 1905 1405 1982 ταύτην

353 2006 386 2067 ἐκ
401 2007 505 2068 τούτου
520 2011 690 2085 συλλαβεῖν
707 2009 808 2086 (τοῦτο
822 2005 881 2088 γάρ
897 2008 962 2069 ἔστι
980 2004 1014 2068 τὸ
1035 2005 1242 2086 ἐπιφσρῆσαι),
1259 2005 1308 2068 καὶ
1328 2007 1405 2084 μετὰ

350 2110 437 2168 τοῦτο
453 2109 527 2171 κατὰ
541 2107 637 2188 γάμου
652 2111 809 2172 κοινωνίαν
825 2110 1016 2188 συνηρμόσθη
1031 2111 1067 2194 τῇ
1081 2107 1175 2190 οἰκεία
1188 2111 1314 2193 μνηστῇ.
1336 2107 1356 2186 ἡ
1370 2109 1404 2170 δὲ

352 2207 525 2289 αἰἰταδελφῆ
544 2210 649 2288 ταύτης
663 2210 720 2273 σὺν
735 2211 775 2294 τῷ
791 2209 976 2289 ἁμαρτήματι
990 2212 1041 2288 τῆς
1056 2210 1221 2286 αἱμσμιξίας
1236 2210 1404 2288 ἐφόνευσεν

353 2307 479 2387 ἑαυτήν.-
492 2311 606 2390 ὥρισαν
624 2311 678 2374 αῢν
697 2311 764 2378 τοὺς
785 2312 958 2377 συνειδότας
978 2314 1070 2373 ταῦτα
1092 2311 1130 2373 τὸ
1149 2313 1234 2382 κατὰ,
1256 2314 1331 2389 μετὰ
1353 2315 1402 2374 δε-

352 2412 473 2475 καετίαν
487 2413 673 2493 ὀφείλουσαν
693 2416 742 2476 διὸ
761 2416 820 2476 τῶν
840 2417 977 2491 συνηθῶν
995 2416 1122 2491 βαθμῶν
1142 2415 1318 2492 παρελθεῖν,
1334 2417 1402 2496 δεχ-

350 2517 437 2593 θῆναι
453 2517 496 2583 εἷς
515 2515 569 2595 τὴν
587 2518 663 2595 μετὰ
684 2521 743 2581 τῶν
762 2520 877 2579 πιστῶν
897 2513 998 2598 εὐχήν.
1044 2512 1205 2578 Cononem
1220 2535 1350 2577 nxxvsu.
1366 2513 1401 2579 S.

349 2614 459 2680 Basilii
474 2616 523 2680 M.
539 2638 714 2682 memorare
729 2619 1008 2682 Commentatores
1022 2621 1170 2700 pergunt,
1186 2636 1250 2700 quo
1271 2615 1403 2699 punitur

348 2740 406 2803 per
420 2741 475 2784 sex
490 2741 591 2783 ennos
605 2720 666 2794 ille,
679 2721 732 2807 qui
745 2720 825 2784 dues
836 2740 961 2783 sorores
972 2716 1005 2780 in
1014 2716 1252 2781 matrimonium
1262 2718 1400 2784 duxerit.

348 2818 439 2884 Oonf.
450 2820 529 2885 (λιιι.
543 2820 589 2883 ΙΙ.
605 2821 880 2886 OeneibiiNeoeoer.
895 2819 949 2904 qui
960 2818 1112 2904 sequitur.
1144 2818 1398 2884 Hoeoheotenns.

348 2922 430 2987 Mox
446 2924 509 2987 duo
524 2924 578 2988 ille
594 2914 731 3010 oapitnie
746 2923 878 3009 hujusce
892 2920 1017 3008 synodi,
1034 2920 1153 2985 Leiine
1173 2920 1303 3006 scripte,
1329 2943 1400 3006 qnae

346 3025 380 3087 in
415 3026 618 3089 Oorseiliomm
650 3026 806 3093 editiones
838 3048 879 3091 ex
907 3023 1023 3089 Libello
1052 3022 1208 3088 &oderim
1236 3022 1401 3088 Liberem

347 3128 538 3193 Partioliom
567 3128 627 3212 (sio
655 3129 844 3213 loquuntur)
875 3129 1012 3193 advento
1041 3132 1126 3203 suni,
1152 3148 1306 3211 germane
1330 3149 1399 3192 esse

346 3232 590 3315 Aneyrenorum
618 3230 756 3304 decreta,
787 3232 858 3317 quis
882 3238 933 3296 est
958 3228 1109 3303 omnium,
1137 3229 1192 3314 qui
1214 3229 1399 3294 existimet!

346 3332 391 3397 Et
407 3332 540 3397 Denresi
560 3354 652 3419 pepae
671 3332 783 3397 eedem
797 3332 904 3417 potius
921 3353 990 3396 esse
1004 3331 1116 3395 Binius
1132 3337 1208 3417 post
1223 3331 1398 3396 Beronium

343 3432 544 3520 significavit.
1375 3472 1381 3483 ·

374 3536 441 3601 EX
454 3536 582 3601 Latinis
592 3536 837 3623 Inter-pretibns,
848 3535 1003 3621 Dionysio
1014 3535 1140 3621 Exiguo
1155 3542 1190 3601 et
1200 3535 1397 3602 versionibus

345 3638 526 3706 Isidoriana
539 3662 578 3705 eo
595 3640 716 3717 Prisce,
732 3639 862 3704 nomine
881 3638 1100 3723 episcoporum
1119 3661 1203 3704 nuno
1223 3661 1395 3724 epponem,

343 3742 397 3827 qui
412 3740 445 3805 in
459 3742 519 3806 heo
534 3742 655 3827 synodo
670 3740 885 3830 convenerint.
930 3740 1035 3805 Extat
1049 3746 1167 3817 entem,
1181 3740 1235 3825 qui
1250 3740 1396 3824 sequitur

342 3850 473 3929 patrum
488 3843 664 3928 Cetelogns
678 3849 752 3928 post
767 3863 904 3907 oenones
918 3841 1107 3927 Aneyrenos
1123 3840 1255 3927 positus,
1271 3848 1341 3905 tum
1360 3840 1395 3904 in

341 3944 481 4011 editions
496 3945 638 4033 principe
653 3944 858 4027 Dionysianae
870 3943 1037 4008 Versionis
1052 3964 1136 4009 enno
1153 3958 1242 4027 1525.
1257 3943 1395 4028 Mogun·

342 4048 396 4112 riae
411 4047 496 4133 typis
511 4047 675 4133 impressa,
691 4054 761 4112 tum
775 4067 850 4111 vero
866 4046 901 4109 in
923 4045 977 4109 illo
999 4045 1140 4130 ejusdem
1156 4043 1318 4108 Versionis
1336 4066 1392 4108 ex·

341 4150 473 4235 emplen'
494 4172 517 4215 a
538 4150 710 4216 Franciseo
732 4149 863 4214 Pithoeo
886 4135 975 4236 prius
996 4149 1163 4225 adornato,
1190 4155 1263 4233 post
1284 4155 1394 4213 eutem

342 4253 475 4319 Parisiis
489 4275 574 4319 anno
592 4256 681 4335 1⁶87.
697 4273 825 4317 excuso.
921 4279 925 4287 ·
