3242 5150
339 391 373 453 S.
396 388 618 453 DIONYSII
644 389 790 452 ALEX.
814 390 879 454 DE
904 392 1118 458 NATURA.
1189 397 1253 460 403

200 569 345 641 πολλοῦ
362 594 406 661 γε
419 560 539 640 δέουσι
558 565 716 667 συνορᾷν
734 564 792 641 καὶ
805 559 852 640 τά
865 565 1000 666 ἀφανῆ.
1029 564 1165 644 ἐοίκασι
1181 565 1252 669 γάρ

201 693 290 794 μηδέ
327 693 507 780 ἀνατολὰς
537 694 740 774 ἐποπτεύειν
772 697 999 797 τεταγμείιατ,
1030 701 1089 777 καὶ
1123 696 1252 795 δύσεις,

201 827 290 927 μήτε
305 836 377 908 τῶν
391 828 529 919 ἀλλων,
542 828 631 928 μήτε
650 827 714 912 τὰς
729 830 1019 932 ἐκπρεπεστάταις
1029 832 1142 930 ἡλίου·
1162 832 1252 933 μηδὲ

202 968 362 1067 χρῆσθαι
379 971 456 1048 ταῖς
475 965 518 1043 δι’
541 965 658 1043 αι’πῶν
677 965 932 1068 δεδωρημέναις
953 968 1153 1071 ἀνθρώποις
1172 971 1249 1050 ε’πι·

176 1100 369 1201 5κουρίαις,
388 1097 612 1204 ἀναπτομένῃ
630 1098 695 1198 μέν
714 1106 762 1183 είς
780 1099 955 1205 ἐργάσιαν
979 1104 1101 1210 ἡμερρ,
1120 1107 1255 1204 ἐπηλυ-

205 1234 364 1340 γαζοιίσῃ
394 1235 431 1315 δέ
459 1239 557 1316 νυκτὶ
584 1235 675 1339 πρὸς
702 1235 925 1319 ἀνάπαυλαν.
974 1238 1255 1346 εἘξελειίσεται

203 1369 274 1472 γὰρ
292 1371 490 1472 ἅνθρωπος,
509 1373 635 1475 φησὶν,
653 1373 710 1449 ἐπὶ
731 1369 774 1450 τὸ
791 1371 899 1475 ἔργον
911 1375 1030 1470 αὑτοῦ,
1045 1376 1102 1453 καὶ
1118 1375 1176 1453 ἐπὶ
1189 1372 1256 1472 τὴν

202 1504 376 1606 ἐργασίαν
395 1506 513 1600 αὑτοῦ,
532 1503 598 1586 ἕως
616 1505 783 1608 ἑσπέρας.
825 1508 932 1585 Ἀλλ’
952 1506 1032 1585 οὐδὲ
1050 1503 1115 1606 τὴν
1129 1507 1255 1610 ἐτέραν

203 1640 465 1718 ἐπισκοποῦσιν
482 1637 729 1736 ἀνακύκλησιν
753 1641 872 1737 αὐτοῦ,
891 1643 968 1720 καθ’
990 1640 1034 1739 ἣν
1053 1641 1252 1743 ὡρισμένας

160 1773 306 1877 ιοῶρατ,
325 1776 384 1853 καὶ
402 1771 542 1876 καιροὺς·
567 1775 755 1876 εὐκαίρους,
775 1779 834 1853 καὶ
859 1773 995 1879 τροπάτ
1020 1775 1252 1879 ἀπαρατρέπ-

203 1943 284 1991 τους
302 1913 478 2007 ἀποτελεῖ,
498 1908 567 1989 ὑπὸ
586 1916 658 1989 τῶν
675 1910 720 2017 ἐξ
738 1907 788 1990 ὧν
813 1914 914 1991 ἐστὶν
942 1911 1085 2010 ἀτόμων
1104 1911 1254 2013 ὁδηγού-

203 2079 316 2143 μενος.
344 2042 444 2123 ἀλλά
471 2041 539 2150 κᾷν
561 2043 611 2142 μὴ
639 2044 798 2124 θέλωσιν
826 2051 859 2126 οἱ
881 2047 1039 2142 δείλαιοι,
1065 2051 1113 2130 ὡς
1140 2049 1169 2126 ἀ
1191 2048 1253 2126 οὖν

202 2181 436 2260 πιστεύουσιν
464 2185 497 2259 οἱ
525 2181 662 2272 δίκαιοι,
697 2179 850 2282 ίΜέγατ
881 2181 1013 2284 Κύριος
1043 2185 1063 2262 ὁ
1100 2181 1257 2282 ποιήσαι·

203 2315 322 2413 αι’ντὸν,
340 2318 399 2393 καὶ
415 2317 453 2393 ἐν
471 2313 596 2414 λάγοιο
613 2317 721 2394 αὐτοῦ
741 2316 963 2396 κατέσπευσε
980 2319 1137 2418 πορείαν.
1169 2318 1253 2397 ἀτο-

159 2490 170 2528 ι
177 2487 193 2547 5
203 2484 264 2547 μοι
282 2447 354 2550 γὰρ
373 2450 454 2546 ὑμῖν
473 2455 629 2550 χειμῶνα
648 2449 830 2554 φέρουσιν,
846 2447 874 2528 ὦ
891 2454 1035 2556 τυφλοὶ,
1050 2455 1108 2530 καὶ
1123 2450 1254 2548 ὑετοὺς,

204 2585 263 2662 ἵνα
279 2619 302 2682 η
315 2619 362 2685 γη
376 2582 514 2688 τροφάτ
534 2585 615 2680 ὑμῖν
629 2617 668 2662 τε
686 2588 745 2662 καὶ
762 2591 855 2663 πᾶσι
869 2592 944 2667 τοῖο
961 2586 1014 2663 ἐπ’
1031 2587 1139 2682 αὐτῆς
1154 2584 1254 2687 ζώοις

205 2720 298 2820 ἀνῇς
329 2717 430 2820 θέρος
451 2752 490 2796 τε
508 2715 717 2818 ἐπάγουσιν,
737 2719 795 2797 ἵνα
817 2722 876 2797 καὶ
901 2717 983 2801 τοὺς
1007 2716 1079 2798 ἀπὸ
1105 2718 1259 2820 δένδρων

206 2895 271 2953 dem
298 2894 399 2952 vident
430 2895 562 2952 hominen
593 2893 701 2972 impro-
754 2905 798 2953 tan
818 2904 1016 2972 tempestates,
1031 2904 1257 2972 opportunaque

204 2975 275 3040 vidi,
290 2984 405 3032 tantum
427 2974 517 3041 abest,
538 2983 572 3032 ut
590 2973 704 3032 occulta
754 2986 894 3053 tempora,
913 2993 1107 3051 necunquam
1128 2973 1258 3033 detortas

157 3054 388 3134 noprovideant.
431 3052 541 3129 Utique
565 3064 643 3111 τοῖοι
670 3054 704 3112 il·
754 3054 957 3113 conversiones
971 3054 1196 3119 efficictenrum
1211 3055 1255 3111 vi·

203 3136 249 3193 lon
262 3145 350 3211 atquc
366 3143 531 3192 constantes
545 3146 627 3192 ortus
641 3135 705 3193 obi.
755 3134 870 3203 delicet,
886 3134 1046 3211 exquibus
1066 3134 1128 3212 ipse
1147 3134 1256 3193 consis-

205 3226 312 3292 tueque
338 3213 475 3283 siderum,
497 3233 557 3271 non
585 3225 702 3272 coetero·
755 3215 802 3279 tit,
824 3226 985 3272 atomorum
1007 3213 1128 3271 ductum
1149 3232 1255 3289 sequu-

205 3316 269 3354 tum
291 3293 387 3362 modo,
404 3313 505 3353 verum
524 3294 612 3353 ctiam
634 3294 703 3353 nolin
754 3305 811 3353 tus.
834 3292 1048 3357 Atenimvero,
1060 3292 1152 3351 velint
1162 3292 1257 3352 nolint

205 3376 334 3433 omnium
356 3374 560 3440 nobilissimos,
580 3393 617 3431 ne
639 3394 702 3432 siin·
753 3374 886 3432 homines
917 3393 1018 3448 reapse
1046 3372 1154 3437 miseri.
1183 3391 1256 3449 quo·

158 3478 174 3515 2
175 3470 194 3534 5
205 3455 329 3533 picando
337 3455 454 3531 quidem
466 3453 604 3512 videntur
614 3455 703 3512 attin·
753 3454 841 3512 modo
868 3463 966 3511 tamen
994 3453 1048 3510 sibi
1081 3452 1257 3529 persuadent

204 3554 288 3611 gere:
316 3554 370 3591 nec
379 3535 416 3592 iis
429 3534 475 3592 uti
489 3532 702 3591 commoditati·
754 3534 927 3610 nequissimi:
949 3532 1079 3609 Magnus
1089 3532 1139 3589 ille
1153 3532 1255 3588 Domi·

204 3615 268 3679 bns,
280 3633 352 3690 quac
362 3613 511 3671 hominum
523 3613 621 3690 generi
634 3632 705 3691 nup.
754 3634 820 3679 nus,
836 3613 887 3689 qui
910 3613 999 3670 solem
1019 3612 1138 3677 creavit,
1153 3611 1256 3668 verbo-

204 3694 347 3773 peditent,
359 3705 411 3751 cut
425 3692 589 3750 collucente
602 3692 639 3750 ad
652 3694 703 3750 ob·
755 3712 819 3749 rum
832 3710 948 3769 quoqne
959 3709 1077 3749 suorum
1087 3690 1115 3748 vi
1126 3689 1257 3767 ejusdem

205 3773 334 3832 eundum
358 3794 433 3851 opue
458 3772 515 3837 die,
540 3782 592 3830 eut
619 3782 705 3831 nocte
755 3792 871 3830 cursum
887 3771 1029 3829 incitavit.
1058 3769 1259 3849 Atomiquip.

157 3854 313 3930 soquietie
331 3852 478 3930 capiendae
495 3872 596 3909 censen
615 3863 707 3911 terrae
756 3872 802 3931 pe,
822 3852 955 3930 hyemem
977 3852 1069 3919 vobis,
1091 3871 1109 3908 ο
1130 3851 1207 3920 caeci,
1225 3871 1259 3909 cc

205 3943 355 4011 opacentc.
398 3932 498 3990 Exibit
519 3931 592 3989 enim
616 3932 705 3998 Ιιουιο,
756 3930 870 4010 pluvias
894 3930 1030 4002 afferunt,
1058 3940 1093 3989 ut
1119 3930 1257 3989 elimenta

206 4012 312 4089 inquit,
328 4014 367 4069 cd
383 4031 452 4090 opus
465 4021 705 4090 1τιιιιπι,ιιοριτα-
757 4012 839 4070 vobis
865 4032 899 4069 ac
926 4012 1038 4070 caetcris
1062 4010 1258 4069 animantibus

206 4096 305 4149 tionem
315 4112 395 4151 ιιιαιυ
405 4112 493 4170 usque
502 4095 540 4148 cd
549 4113 704 4170 vesperum.
755 4102 833 4151 terra
867 4091 1019 4167 producat.
1088 4088 1256 4147 Earundem

206 4172 273 4231 Nec
286 4191 355 4229 vcro
374 4171 494 4228 alteram
515 4173 579 4249 ejus
601 4173 705 4230 circui.
755 4185 839 4231 testas
867 4170 1041 4229 beneficium
1069 4181 1125 4238 est,
1150 4178 1184 4227 ut
1212 4187 1256 4225 nr-

157 4275 174 4331 3
179 4275 195 4333 5
206 4252 317 4311 tionem
331 4249 497 4317 attendunt,
512 4272 570 4329 quc
583 4252 705 4311 dintinc.
755 4252 859 4310 borum
870 4251 957 4309 etiam
969 4250 1006 4307 ed
1017 4250 1134 4310 deliciae
1142 4249 1257 4305 fructus

371 4371 437 4419 ²1³³.
448 4370 496 4419 ciii.
509 4385 547 4433 ¹3.
863 4370 978 4420 fnoelun.
990 4368 1039 4417 xci.
1053 4384 1093 4431 45.

764 4471 782 4536 3
801 4475 818 4512 n
836 4471 853 4514 2
