3242 5150
607 1462 1204 1562 ANNOTATIONES

414 1738 478 1819 IN
509 1740 845 1822 CONCILIUM
877 1734 1409 1822 PRESBYTERORUM

672 1960 881 2031 CONTRA
908 1959 1141 2032 NOETUM.

769 2179 1045 2218 .-....0-.-

430 2359 467 2421 P.
481 2375 553 2442 243.
571 2357 591 2420 l.
608 2377 635 2422 1.
651 2359 831 2423 (lesmoren
848 2361 918 2446 bc]
934 2360 1031 2424 Hunc
1041 2361 1231 2425 Oonsessuru
1242 2367 1396 2443 tanquam
1407 2356 1436 2421 si

385 2460 482 2525 fuerit
503 2459 588 2524 inter
609 2459 750 2525 Consilia
771 2463 980 2547 reponendus,
1006 2461 1132 2526 addidit
1157 2461 1269 2546 Steph.
1287 2459 1436 2524 Baluzius

385 2563 486 2627 Noeta
514 2585 580 2627 susa
608 2563 781 2627 Collectioui
806 2563 969 2628 Concilicr.
1000 2563 1116 2627 notitia
1141 2563 1210 2647 ejus
1231 2585 1304 2647 pag.
1324 2562 1373 2625 16.
1395 2583 1436 2625 ex

387 2664 568 2749 Epiphanio
589 2666 767 2749 desumpta.
815 2668 905 2729 Ante
920 2687 995 2729 vero
1013 2664 1135 2728 Baluzii
1155 2672 1290 2728 mortem
1310 2670 1436 2727 textum

388 2766 534 2831 Graecum
557 2766 712 2845 Hersilie,
729 2790 799 2852 quae
821 2775 961 2844 vocatur,
983 2768 1096 2831 sacrm
1114 2768 1245 2830 Nestum
1266 2762 1436 2848 Hippolyti

388 2867 544 2951 Martyris
565 2868 685 2951 primus
706 2870 806 2933 edidit
822 2869 854 2933 J.
868 2870 944 2933 Alb.
961 2868 1135 2941 Fabricius,
1152 2869 1206 2953 qui
1226 2868 1313 2931 illam
1332 2875 1459 2933 extre·

386 2988 472 3030 marn
494 2974 618 3050 partem
640 2991 709 3032 asse
730 2969 803 3034 libri
826 2970 1016 3057 Hippolytei
1038 2970 1183 3033 adem
1203 2971 1345 3033 Hoeeeses
1364 2988 1437 3029 cen-

388 3068 505 3131 firmat.
560 3068 605 3132 Et
634 3070 710 3153 quia
745 3070 943 3157 Epiphanius
971 3080 1069 3157 atque
1101 3071 1297 3155 Hippolytus
1325 3068 1438 3131 eadem

387 3170 615 3254 propemodum
637 3172 679 3235 ad
701 3172 833 3235 verbum
847 3175 887 3238 de
903 3174 997 3239 Noeti
1018 3182 1116 3258 atqua
1136 3172 1264 3236 haeresis
1283 3172 1351 3255 ejus
1366 3191 1438 3233 con·

387 3271 590 3336 damnatione
611 3273 823 3358 protulerunt,
845 3274 964 3339 idcirco
987 3274 1201 3360 Epiphanium
1222 3274 1287 3337 ista
1305 3294 1346 3337 er
1368 3272 1438 3356 ipso

389 3372 578 3459 Hippolyto,
593 3397 775 3460 quanquam
793 3375 879 3439 haud
900 3375 1077 3451 nominato,
1092 3374 1303 3458 desumpsisse
1322 3372 1439 3437 statuit

390 3473 466 3537 ibid.
482 3477 693 3557 praestantiss.
713 3476 889 3540 Fabricius.
930 3476 1051 3540 Fateor
1065 3475 1192 3561 quidem
1207 3475 1343 3560 plurima
1363 3474 1439 3537 Goa-

380 3574 551 3657 satetc‘oah
572 3579 665 3642 Nocti
687 3580 772 3663 apud
798 3578 1009 3662 Hippolytum
1035 3586 1159 3654 extare,
1184 3600 1255 3662 quae
1280 3600 1340 3641 sua
1364 3576 1440 3641 fecit

390 3675 607 3761 Epiphaniam
632 3702 703 3742 cum
724 3701 798 3743 vero
818 3679 882 3743 alia
896 3680 1043 3763 quaedcm
1060 3680 1220 3744 addiderit
1242 3678 1440 3763 Epiphanius

390 3777 645 3843 condemnationi
664 3779 727 3857 isti,
743 3802 844 3865 eaque
863 3803 903 3844 ex
924 3782 1035 3845 eodem
1057 3790 1164 3846 vetere
1185 3789 1327 3858 auctore,
1343 3787 1381 3844 ut
1396 3778 1440 3843 vi·

389 3878 494 3952 detur,
513 3878 691 3963 desumpta,
708 3880 760 3943 cui
775 3890 884 3945 cetera
903 3882 1021 3954 debet;
1043 3882 1117 3947 hine
1131 3884 1234 3968 magis
1250 3882 1440 3964 putaverim,

389 3977 438 4040 vel
453 3986 616 4041 auctorem
631 3978 738 4056 iatum,
754 3981 934 4065 quicunque
948 3982 1074 4045 demum
1090 3984 1118 4048 is
1132 3985 1238 4056 fuerit,
1254 4006 1295 4047 ex
1313 3982 1439 4068 Hippo-

390 4076 458 4161 lyto
482 4078 634 4163 pleraque
664 4102 723 4144 sua
751 4081 909 4159 habuisse,
936 4083 983 4162 rel
1009 4093 1123 4149 eontra
1151 4108 1192 4150 ex
1221 4085 1284 4149 isto
1309 4092 1441 4147 auctore

392 4202 451 4244 sua
466 4179 688 4265 Hippolytum,
705 4182 758 4266 qui
776 4183 841 4248 alia
859 4207 899 4248 ex
920 4184 988 4269 ipso
1008 4185 1159 4250 haeretioo
1179 4187 1285 4251 Noeto
1305 4184 1339 4249 in
1361 4206 1442 4269 opus

392 4304 484 4346 suum
513 4282 664 4347 hauserit.
720 4283 812 4347 Idem
835 4269 944 4349 tamen
966 4294 1057 4349 vetus
1084 4296 1199 4353 auctor
1226 4287 1312 4351 haud
1339 4286 1441 4348 multo

390 4383 439 4448 val
454 4384 613 4449 recentior
627 4384 675 4449 vel
691 4385 854 4469 antiquior
870 4387 1048 4472 Hippolyto
1063 4410 1132 4452 esse
1147 4388 1264 4474 potuit.
