3242 5150
405 307 679 373 CONCILlUM
705 307 1029 373 ARELATENSE
1054 309 1082 372 1.
1204 311 1265 372 311

691 479 797 542 XIX.

262 593 314 655 De
342 591 498 676 episcopis
525 590 711 676 peregrinis,
744 590 797 674 qui
827 590 860 654 in
889 589 1001 654 urbem
1030 589 1132 655 solent
1153 589 1268 668 venire,

209 711 234 743 ·¹¹
243 700 362 786 placuit
377 700 422 765 eis
436 700 540 764 locum
555 699 625 764 dari
639 707 677 764 ut
691 699 837 764 offerant.

703 810 788 873 XX.

263 922 315 985 De
335 920 385 984 his
407 919 460 1004 qui
484 926 641 1003 usurpant
666 918 726 983 sibi
750 918 835 1004 quod
858 918 916 982 soli
939 919 1078 985 debeant
1106 919 1270 1005 episcopos

218 1030 375 1106 ordinare,
399 1029 519 1113 placuit
546 1036 585 1092 ut
610 1027 715 1092 nullus
743 1029 804 1092 hoc
833 1027 892 1092 sibi
922 1037 1108 1112 prasumat,
1134 1029 1194 1093 nisi
1219 1051 1270 1092 as-

219 1140 353 1224 sumptis
367 1161 473 1203 secum
493 1138 563 1202 aliis
577 1145 699 1223 septem
720 1138 885 1223 episeopis.
930 1141 947 1175 *
957 1139 991 1202 Si
1006 1147 1115 1204 tamen
1131 1162 1195 1203 non
1213 1162 1269 1224 po·

219 1250 319 1313 tuerit
332 1255 465 1333 septem,
481 1247 564 1312 inira
578 1254 646 1310 tres
661 1270 725 1311 non
739 1249 880 1312 audeant
894 1249 1052 1313 ordinare.

692 1358 799 1420 XXI.

263 1467 340 1530 ⁰De
365 1464 567 1550 presbyteris,
590 1472 648 1529 aut
674 1465 879 1541 diaconibus;
909 1465 961 1551 qui
984 1465 1087 1530 solent
1109 1464 1270 1530 dimittere

220 1577 290 1640 locs
304 1575 409 1640 suain
425 1575 541 1661 quibus
555 1576 694 1641 ordinati
710 1583 796 1654 sunt,
811 1586 845 1641 et
860 1577 901 1641 nd
919 1577 982 1641 alia
1000 1576 1071 1640 loca
1086 1598 1120 1640 se
1134 1575 1269 1640 transse-

220 1693 305 1764 runt,
320 1685 442 1771 placuit
462 1693 499 1750 ut
523 1686 569 1750 sis
590 1686 667 1750 locis
689 1686 884 1766 ministrent,
901 1686 1015 1772 quibus
1037 1687 1160 1772 praefixi
1183 1693 1269 1752 sunt.

220 1797 312 1878 Quod
335 1795 361 1860 si
383 1794 502 1860 relictis
527 1795 604 1860 locis
629 1795 694 1859 suis
718 1796 761 1860 ad
785 1795 884 1860 alium
910 1818 945 1860 se
970 1796 1074 1861 looum
1095 1796 1269 1861 transferre

219 1904 384 1981 voluerint,
401 1905 612 1990 deponantur.

682 1991 802 2055 XXII.

262 2101 339 2162 PDe
360 2099 410 2162 his
432 2098 486 2183 qui
508 2106 706 2184 apostatant,
729 2106 763 2164 et
784 2121 959 2184 numquam
981 2123 1015 2165 se
1036 2101 1079 2166 ad
1103 2100 1267 2166 ecclesiam

218 2218 459 2296 repraesentant,
475 2223 541 2274 qne
560 2210 688 2296 quidem
707 2212 929 2295 poenitentiam
951 2233 1046 2294 agere
1061 2218 1219 2297 quaeruut,
1234 2219 1269 2275 et

219 2328 332 2405 postea
355 2319 542 2383 infirmitate
563 2318 684 2404 arrepti
706 2326 822 2404 petunt
844 2322 1118 2400 communionem
1148 2321 1269 2406 placuit

219 2429 265 2493 eis
285 2450 349 2492 non
364 2429 504 2492 dandam
518 2428 779 2505 communionem,
795 2430 855 2493 nisi
874 2429 1077 2507 revaluerint,
1092 2436 1125 2493 et
1146 2430 1268 2514 egerint

220 2539 333 2623 dignos
348 2537 469 2601 fruetus
484 2537 692 2623 poenitentiae.

221 2662 233 2692 r
247 2651 406 2723 Expliciunt
419 2669 534 2706 canones
548 2651 731 2719 Arelatenses,
747 2670 813 2725 quos
828 2654 944 2725 episcopi
967 2654 1113 2723 †seaaenti
1125 2651 1267 2724 fecerunt,

261 2748 347 2819 quiin
363 2748 500 2801 ciuitatem
515 2748 719 2803 Arelatensium
740 2748 816 2821 apud
832 2748 973 2804 Marinum
988 2750 1138 2821 episcopum
1153 2750 1269 2805 secusia

260 2843 410 2907 catholice,
426 2844 590 2917 temporibus
613 2842 785 2900 Constantini
806 2844 936 2918 Augusti,
955 2844 1102 2903 Volusiano
1117 2854 1143 2903 et
1158 2848 1268 2902 Aniano

262 2941 334 2996 Coss.
349 2948 551 2996 convenerunt:
574 2941 608 2996 ln
623 2938 687 2998 cod.
703 2938 885 3017 Corb.quem
901 2941 932 2999 in
946 2942 992 3001 his
1006 2943 1268 3022 subscriptionibus

259 3046 377 3094 secutus
391 3045 435 3093 est
450 3035 640 3094 Sirmondus:
665 3036 783 3092 Nomina
798 3040 982 3111 episcoporum
1000 3058 1061 3095 cum
1083 3042 1186 3097 clericis
1201 3042 1266 3106 sair,

258 3137 304 3191 uel
315 3136 410 3208 quanti
424 3142 452 3189 et
466 3153 500 3190 es
513 3134 608 3207 quibus
618 3134 767 3207 provinciis
781 3136 819 3189 ad
832 3134 1021 3190 Arelatensem
1030 3138 1160 3210 synodum
1171 3155 1266 3193 conue-

259 3231 361 3299 nerint,
382 3232 431 3288 sab
454 3232 567 3287 Marino
588 3234 721 3306 episcopo,
745 3230 909 3305 temporibus
935 3231 1117 3299 Constantini,
1139 3235 1177 3289 ad
1199 3236 1268 3289 ‹liri-

259 3331 358 3385 ruenda
378 3328 523 3387 schismata
538 3328 583 3385 vel
599 3347 705 3402 pravas
725 3330 841 3385 omnium
865 3330 1037 3395 intentiones,
1062 3330 1220 3397 Volusiano,
1242 3338 1268 3388 et

261 3427 391 3483 Anniano
408 3424 484 3484 coss.

252 3556 263 3578 ¹
276 3548 328 3604 Iac,
340 3555 434 3609 parur.
447 3560 498 3607 cup.
509 3543 565 3593 216.
582 3552 605 3593 st
621 3546 713 3593 Burei.
730 3544 771 3592 lib·
785 3544 802 3591 i.
818 3542 935 3607 osp.116.
952 3544 991 3591 tie
1006 3544 1107 3604 meunt
1123 3560 1183 3607 qum
1199 3561 1267 3594 reru·

218 3628 278 3676 citer
293 3627 413 3690 episcopos
430 3628 517 3675 scimru
534 3640 634 3683 sermea·
649 3626 717 3674 Cone.
730 3626 798 3673 Aret.
810 3637 830 3670 ι.
842 3638 893 3686 cap.
905 3638 945 3671 no.
1068 3633 1083 3663 0
1096 3625 1150 3679 Iao,
1163 3634 1225 3687 part.
1235 3626 1266 3672 ri.

217 3723 269 3770 cup.
286 3720 340 3769 ¹7²·
358 3714 381 3756 et
399 3707 492 3754 Burei.
514 3706 591 3754 lib.ii.
612 3722 663 3769 usp.
676 3720 716 3771 93.
737 3721 769 3754 eu
788 3706 860 3753 Cone.
883 3706 952 3753 Arei.
969 3720 989 3753 r.
1008 3720 1029 3753 c.
1042 3719 1065 3753 a.
1079 3707 1146 3765 farte
1160 3722 1208 3770 pro
1229 3721 1266 3755 21.

219 3791 336 3838 nEliier.
347 3785 417 3849 c.46,
434 3790 473 3835 cui
494 3788 599 3848 Carreitic
612 3787 678 3835 leuna
693 3802 808 3835 cunonem
825 3785 990 3834 Arelatem-sem
1002 3786 1085 3833 tribuit
1098 3786 1267 3849 Baranardus,

218 3872 259 3919 lib.
270 3871 320 3917 xix.
332 3884 383 3932 esp.
397 3882 450 3930 ¹34·
517 3864 1137 3930 <1Msrltnusrecte,necquidcm.(etsaMatrit.)
1203 3870 1269 3916 ras

222 3951 302 3997 MSS.
315 3948 410 3996 nostris.

252 4047 268 4075 ⁶
279 4044 383 4109 (Confer
396 4046 488 4092 Canon
502 4046 632 4091 Nicaenum
647 4057 684 4091 ιν.
697 4052 722 4091 et
733 4040 918 4105 Anuotamres.)
1025 4042 1085 4107 †(“
1094 4044 1218 4093 Ducentos
1230 4045 1268 4093 in-

221 4128 237 4155 “
247 4125 359 4175 nituisse
370 4126 452 4174 minus
462 4126 594 4173 absurdum
605 4135 648 4174 cst.
684 4124 716 4172 In
732 4124 800 4173 libris
815 4134 896 4173 tamen
912 4124 1018 4187 antiquis
1028 4124 1115 4187 quibus
1131 4127 1168 4174 usi
1185 4141 1269 4175 sumus

220 4212 238 4238 ⁴‘
249 4222 300 4255 non
315 4208 407 4270 pacis,
418 4221 538 4269 nusquam
555 4206 637 4270 plures
650 4207 775 4269 leguntur,
792 4221 866 4268 quam
883 4204 922 4253 hic
939 4222 955 4253 a
970 4206 1039 4254 nobis
1055 4207 1226 4268 repraesentati,
1243 4208 1269 4254 in

221 4292 238 4318 ‘⁴
250 4289 390 4337 universum
401 4287 444 4349 85,
454 4287 556 4351 episcopi
568 4288 684 4335 nimirum
698 4301 737 4348 33,
748 4286 879 4351 presbyteri
895 4285 923 4335 16
934 4288 996 4336 tac-’⁸
1013 4286 1176 4349 Sirmondus.)
