3242 5150
383 407 659 475 CONCILIUM
684 409 1008 481 ARELATENSE
1033 418 1063 480 1.
1182 421 1246 489 297

698 756 726 819 1.

268 957 518 1032 EPISTULA
545 957 902 1030 CONSTANTINI
929 958 1157 1033 AUGUSTI

187 1175 242 1232 AD
262 1177 470 1244 AELAFIUM,
491 1177 545 1234 UT
564 1177 782 1234 ARELATEM
805 1177 875 1236 llll]
898 1178 1052 1236 JUBEAT
1077 1178 1237 1245 PARTES,

343 1283 466 1340 INTER
488 1282 597 1352 QUAS
619 1282 724 1339 ERAT
744 1283 1070 1342 CONTROVERSIA.

419 1480 648 1546 Constantinus
664 1484 832 1567 Augustus
847 1482 996 1546 ¹AElafio.

228 1614 325 1679 born
348 1616 475 1701 quidem
497 1616 634 1680 antehac
657 1637 729 1680 oum
751 1616 909 1702 perlatum
932 1617 1044 1681 luisset
1070 1616 1111 1680 ad
1135 1617 1234 1681 scien-

185 1723 264 1789 tiam
286 1746 401 1802 meam,
415 1726 501 1812 apud
523 1725 668 1788 Africam
688 1732 833 1790 nostram
855 1728 961 1813 plures
975 1737 1113 1791 ⁰vesano
1128 1727 1234 1792 lurore

184 1834 273 1899 vanis
287 1835 558 1899 criminationibus
577 1846 688 1899 contre
708 1857 741 1900 se
763 1836 896 1901 invicem
916 1859 1012 1923 snper
1030 1838 1233 1902 observantia

183 1947 390 2013 sanctissimae
406 1947 503 2011 llidei
517 1947 682 2011 catholicae
697 1947 872 2013 edissidere
888 1948 1030 2034 coepisse,
1047 1947 1231 2014 dirimendae

182 2058 385 2124 dissensionis
411 2059 593 2146 hujusmodi
617 2081 722 2139 cansa,
747 2060 913 2146 placuerat
938 2059 1027 2134 mihi,
1054 2066 1091 2124 ut
1115 2060 1157 2124 ed
1183 2081 1234 2123 ur-

180 2168 253 2233 bem
285 2171 424 2234 Romam
454 2177 523 2234 tam
554 2169 740 2234 Oaecilianus
769 2169 1029 2254 Uamhagineusis
1055 2169 1232 2253 episeopus,

179 2286 407 2364 contraquam
431 2280 479 2344 vel
500 2280 638 2345 maxime
660 2280 797 2344 universi
820 2301 904 2364 saepe
929 2301 981 2343 me
1007 2286 1229 2354 convenerant,

179 2412 276 2474 quam
298 2391 396 2455 etiam
417 2391 516 2476 aliqui
537 2415 577 2456 ex
598 2391 657 2469 his,
674 2392 728 2477 qui
751 2391 780 2455 ei
803 2389 950 2475 quaedam
972 2388 1151 2474 objicienda
1165 2413 1230 2455 ere-

179 2501 337 2580 diderunt,
353 2502 556 2588 praesentiam
573 2500 622 2564 sui
644 2501 842 2565 exhiberent.
887 2499 975 2562 Nam
995 2499 1092 2563 etiam
1114 2500 1155 2563 ad
1178 2522 1229 2563 su·

178 2612 357 2696 prodictam
377 2613 489 2677 urbem
510 2618 654 2676 nostram
676 2611 810 2675 Romam
831 2608 985 2694 quosdam
1005 2608 1169 2695 episcopos
1189 2632 1228 2675 ex

180 2720 291 2785 Gabiis
312 2720 358 2785 ire
379 2742 610 2807 praeceperam;
645 2726 775 2783 uttam
801 2718 834 2782 hi
860 2740 918 2804 pro
944 2717 1131 2801 integritate
1152 2719 1227 2784 vitea

179 2853 255 2906 suae,
271 2839 368 2916 atque
383 2832 532 2897 laudabili
545 2831 704 2907 instituto,
721 2832 776 2895 sed
794 2839 830 2895 et
847 2838 969 2916 septem
986 2830 1127 2914 ejusdem
1142 2852 1228 2895 eom-

178 2942 346 3022 munionis,
358 2965 453 3028 quam
464 2944 561 3008 etiam
576 2943 664 3007 urbis
674 2944 784 3007 Romae
800 2941 995 3028 ‘episcopus
1005 2949 1102 3027 atque
1117 2942 1161 3005 illi
1173 2942 1227 3027 qui

176 3073 248 3117 curn
270 3052 381 3118 iisdem
405 3060 641 3140 cognoscerent,
656 3060 786 3138 possent
805 3052 852 3117 rei
872 3074 942 3137 quae
965 3052 1134 3116 videbatur
1157 3074 1226 3117 esse

175 3172 342 3240 commota,
365 3164 461 3228 linem
479 3164 622 3228 debitum
644 3164 806 3228 adhibere.
851 3162 912 3244 Qui
932 3161 1060 3248 quidem
1081 3184 1119 3227 ea
1142 3185 1227 3248 quae·

174 3295 308 3360 cumque
322 3275 354 3338 in
369 3273 540 3361 praesentie
554 3296 664 3339 eorum
678 3274 806 3338 luerunt
822 3282 923 3359 gesta,
938 3280 1052 3339 cuncta
1067 3274 1108 3339 ad
1124 3274 1223 3338 scieu-

174 3382 254 3447 tiam
271 3405 374 3449 meam
394 3383 492 3448 etiam
513 3384 595 3448 actis
614 3383 733 3448 habitis
754 3383 952 3457 retulerunt;
979 3384 1075 3449 verbo
1095 3384 1226 3469 insuper

173 3490 378 3571 affirmantes,
389 3493 473 3578 quod
483 3492 640 3578 judicium
653 3514 746 3556 sunm
761 3514 936 3578 protorum
948 3492 1224 3577 fuissetaequitate

172 3601 412 3689 depromptum:
437 3628 554 3690 eosque
573 3606 679 3691 potius
694 3627 798 3670 cansea
815 3604 968 3669 obnoxios
986 3626 1055 3669 esse
1071 3604 1225 3683 diceutes,

172 3710 226 3796 qni
249 3720 362 3778 contra
386 3714 588 3780 Caecilianum
614 3716 759 3800 quaedam
785 3720 979 3800 putaverunt
1005 3736 1220 3779 commovere:

170 3820 251 3885 adeo
273 3828 310 3887 ut
332 3824 442 3887 eistad
463 3832 538 3909 post
555 3824 711 3909 judicium
732 3823 877 3888 habitum
897 3822 1041 3887 Africam
1063 3824 1149 3909 ipsos
1173 3848 1223 3889 re-

170 3949 291 3993 measse
311 3930 552 4016 hperhiberent.
599 3933 681 3997 Inde
700 3940 833 4019 propter
853 3932 1043 3997 haecomnia
1063 3933 1221 4018 probabili

201 4124 215 4153 ⁸
227 4117 268 4163 Ila
280 4118 359 4166 MSS.
370 4118 541 4168 nanblavio.
553 4118 616 4183 (sor.
630 4118 727 4167 lliliano
737 4116 845 4182 Masuri.)
895 4117 907 4151 l
919 4120 960 4166 Ee·
970 4118 1109 4181 cpcprnpto
1120 4119 1152 4165 P.
1161 4118 1217 4167 Jcc.

168 4197 711 4264 &memoasrsaqciamsmda
762 4200 819 4247 cat.
830 4198 931 4247 nolano.
982 4198 1117 4261 datlegis.
1160 4200 1217 4245 eal.

167 4276 295 4326 discedere.
377 4280 553 4343 1a1.0pneopi.
652 4280 806 4329 satiatum·
882 4280 942 4327 hcl.
954 4278 1114 4341 prohiberent.
1124 4276 1152 4341 (Ι.
1163 4292 1217 4339 pro·

167 4354 282 4417 hiberam,
294 4358 451 4421 ntDupin.)

211 4477 278 4517 VOL.
296 4477 338 4518 IV.
492 4538 501 4551 ἱ
695 4480 714 4523 Q
729 4480 750 4540 q
