3242 5150
394 385 460 448 844
629 381 660 444 S.
686 379 930 442 PAMPHILI
957 379 1215 443 MARTYRIS

397 563 418 593 “
433 555 494 616 hoe
516 550 685 616 dicendum
706 548 835 634 quidem
857 556 917 629 est,
941 550 997 614 sed
1019 571 1082 615 uon
1106 571 1177 614 oum
1201 549 1286 614 omui
1309 551 1452 616 affirma·

397 672 416 701 ⁶‘
431 663 529 728 tione.
574 661 648 725 Hoo
668 660 752 724 enim
771 667 830 725 aut
852 660 1013 725 temerarii
1028 660 1164 724 hominis
1179 667 1238 736 est,
1255 667 1288 724 et
1303 661 1372 745 ejus
1393 661 1450 746 qni

397 783 417 812 “
434 793 561 838 sonsum
587 772 735 836 humanas
757 769 954 836 infirmitatis
979 770 1163 856 perdiderit,
1190 770 1370 855 oblitusque
1397 773 1449 834 sui

397 893 417 924 ‘⁶
432 885 493 949 sit:
518 889 576 948 aut
599 890 685 947 uerte
709 880 922 967 perfectorum
948 881 1086 944 virorum
1108 889 1142 945 et
1165 901 1274 945 eorum
1296 881 1350 967 qui
1374 902 1450 945 oon-

398 1004 420 1035 “
436 995 573 1059 fidenter
587 1015 622 1058 se
644 992 748 1056 selant
767 993 809 1057 ab
825 993 894 1078 ipso
909 990 1047 1056 Domino
1068 992 1091 1053 J
1094 1013 1149 1056 esu
1164 991 1322 1068 didicisse,
1338 991 1449 1068 idest,

396 1111 417 1142 “
433 1125 454 1168 a
470 1101 581 1168 Verbo
599 1101 755 1179 veritatis,
771 1107 806 1165 et
821 1101 863 1166 ab
885 1101 954 1185 ipsa
974 1098 1139 1185 Sapientia
1154 1122 1211 1185 per
1229 1122 1325 1185 quam
1341 1102 1450 1166 omnia

396 1221 418 1254 “
432 1213 520 1279 laeta
545 1218 632 1290 sunt,
658 1212 842 1298 agnovisse:
868 1211 917 1276 vel
942 1232 1052 1276 eorum
1078 1209 1132 1295 qui
1155 1210 1262 1275 divina
1284 1233 1448 1296 responsa,

398 1331 418 1360 ‘⁶
433 1322 567 1408 ingressi
583 1321 743 1387 turbinem
753 1327 788 1386 et
802 1319 970 1406 caliginem
983 1319 1037 1384 nbi
1054 1320 1144 1384 Deus
1158 1319 1225 1405 ipse
1239 1326 1300 1396 est,
1316 1319 1449 1384 coelitus

397 1442 418 1473 ‘⁶
435 1439 638 1518 aeceperunt,
653 1433 686 1496 iu
701 1432 786 1518 quod
807 1431 860 1496 vix
880 1430 932 1495 ille
948 1432 1080 1516 Moyses
1094 1430 1255 1515 ingressus
1270 1431 1317 1496 vol
1332 1431 1448 1496 intelli-

399 1553 419 1582 “
433 1530 511 1630 gere
524 1545 603 1610 talia
617 1543 724 1627 potuit
738 1542 787 1607 vel
798 1541 949 1626 prolerre.
982 1539 1069 1606 lNos
1084 1563 1158 1605 vero
1168 1563 1227 1626 pro
1236 1563 1274 1605 eo
1283 1542 1350 1605 solo
1362 1543 1449 1628 quod

401 1664 420 1692 ‘⁶
436 1653 673 1720 mmediooriter
687 1653 773 1727 lieet,
784 1652 941 1718 eredimus
956 1659 1065 1718 tamen
1081 1652 1219 1717 Domino
1229 1655 1252 1717 J
1255 1675 1320 1731 osu,
1335 1653 1449 1739 atejus

399 1772 421 1803 ‘⁶
435 1765 609 1850 gloriamur
623 1785 691 1827 esse
706 1762 871 1847 disoipuli;
888 1784 946 1826 neo
961 1771 1070 1827 tumen
1081 1761 1235 1826 audemus
1246 1761 1351 1826 dicere
1357 1763 1448 1848 quod

400 1875 515 1940 “faeie
540 1875 582 1938 ad
604 1875 717 1938 faeiem
739 1874 781 1940 ab
803 1874 873 1959 ipso
898 1873 1054 1938 traditam
1080 1871 1309 1958 suseeperimus
1333 1873 1449 1938 intelli·

400 1993 422 2026 “
439 1986 582 2071 gentiam
604 2006 726 2062 eorum,
751 2007 823 2070 quas
847 1986 881 2048 in
903 1984 1017 2049 divinis
1042 1984 1131 2049 libris
1155 1984 1353 2049 reseruntur:
1375 2006 1448 2070 quae

400 2105 420 2134 ⁶⁶
436 2097 563 2180 quidem
583 2103 689 2161 certus
715 2118 785 2161 sum
800 2097 887 2182 quod
908 2119 950 2162 ne
970 2097 1038 2182 ipse
1059 2096 1188 2182 quidem
1209 2095 1345 2160 muudus
1363 2109 1449 2181 ¹¹pro

400 2215 422 2245 “
438 2206 557 2272 virtute
571 2228 609 2271 ae
624 2206 794 2293 majestate
808 2229 958 2271 sensuum
972 2229 1085 2292 oapero
1100 2214 1216 2292 potest.

444 2326 466 2355 ‘⁶
482 2319 623 2403 Propter
633 2319 717 2403 quod
733 2319 940 2404 pronuntiare
955 2319 1082 2403 quidem
1097 2319 1137 2383 de
1152 2319 1201 2382 his
1216 2339 1287 2404 quae
1304 2317 1448 2396 dioimns,

401 2434 420 2466 “
436 2428 520 2494 sient
546 2428 697 2514 Apostoli
722 2436 905 2515 potuerunt,
929 2450 993 2493 non
1017 2429 1188 2493 audemus:
1222 2428 1256 2492 iu
1279 2449 1317 2492 eo
1340 2435 1450 2493 autem

402 2547 421 2579 “
435 2540 558 2627 gratias
582 2540 716 2627 agimus,
742 2540 829 2627 quod
852 2561 924 2605 oum
948 2538 1042 2604 multi
1065 2538 1256 2624 imperitiam
1279 2559 1370 2604 suam
1395 2561 1450 2604 ne-

401 2658 422 2689 “
438 2651 550 2730 soient,
567 2657 601 2715 et
615 2658 722 2717 motus
736 2673 811 2716 suos
827 2650 1054 2734 incompositos
1072 2655 1105 2713 et
1124 2648 1334 2728 inordinatos,
1350 2650 1448 2714 inter-

401 2768 423 2801 ⁶⁶
438 2762 515 2825 dum
530 2762 629 2827 etiam
643 2768 678 2827 et
692 2763 819 2848 ineptos
832 2768 867 2827 et
880 2760 1051 2838 fabulosos,
1066 2782 1137 2825 oum
1158 2762 1244 2825 omni
1263 2761 1449 2837 intentione,

402 2879 424 2911 ⁶‘
439 2872 522 2937 sieut
549 2871 610 2937 sibi
637 2872 794 2951 videntur,
823 2871 913 2958 qnasi
938 2872 1101 2937 vemssima
1126 2872 1302 2937 assertione
1328 2894 1450 2937 annun·

402 2988 423 3020 “
439 2982 532 3060 tient‚
548 3003 607 3045 nos
622 2982 663 3045 de
683 2983 779 3047 rebus
801 2983 936 3069 magnis,
952 2988 986 3047 et
1007 2982 1057 3047 his
1078 3004 1150 3068 quae
1172 3004 1269 3067 snpra
1287 3004 1345 3047 nos
1364 2988 1450 3061 suut,

403 3097 422 3127 “
437 3090 651 3174 ignorantiam
666 3099 809 3157 nostram
825 3115 888 3157 non
903 3094 1116 3179 ignoramus.''

447 3200 643 3263 Psurmnus.
688 3200 768 3265 Onm
783 3223 860 3286 ergo
874 3202 944 3267 haeo
958 3225 1029 3268 eum
1045 3205 1085 3268 de
1099 3226 1134 3267 so
1150 3203 1255 3268 dinero
1272 3202 1450 3279 audiamus,

402 3316 435 3374 et
450 3309 668 3394 hujuscemodi
682 3317 789 3377 mente
804 3333 843 3377 au
858 3321 933 3378 voto
949 3336 1020 3399 quse
1035 3314 1113 3379 dicit
1132 3336 1283 3392 asserere,
1298 3314 1453 3377 miramur

401 3420 434 3483 in
458 3427 584 3484 tantum
606 3423 800 3488 temeritatis
822 3423 945 3509 aliquos
964 3446 1033 3489 esse
1060 3432 1237 3509 proveetos,
1259 3431 1319 3489 ‘ut
1341 3424 1395 3509 qni
1417 3446 1452 3489 se

402 3530 450 3595 ita
471 3530 652 3599 humilitate
670 3534 804 3619 judioat,
820 3535 992 3600 adstruant
1014 3536 1099 3620 quod
1120 3536 1163 3602 ab
1185 3534 1255 3601 aliis
1277 3532 1364 3600 dieta
1383 3534 1452 3619 ejus

402 3641 452 3707 vel
472 3643 544 3707 libri
568 3667 627 3730 pro
645 3645 843 3711 sermonibus
862 3644 1060 3731 Apostoliois
1079 3646 1127 3712 vel
1145 3646 1239 3711 dietis
1258 3644 1452 3731 propheticis

402 3750 591 3832 habeantur,
606 3762 664 3819 aut
686 3757 771 3842 quod
793 3755 846 3821 ille
867 3755 936 3842 ipse
957 3756 1006 3821 vel
1022 3756 1193 3841 Prophetis
1214 3756 1263 3820 vel
1285 3754 1453 3840 Apostolis

402 3862 445 3926 ab
460 3862 566 3948 aliquo
581 3874 794 3950 oomparetur.
839 3866 886 3931 Et
901 3867 1028 3952 quidem
1042 3868 1127 3952 quod
1142 3867 1310 3932 ethonore
1324 3867 1453 3953 presby-

373 4027 380 4037 .
403 3971 476 4037 terii
491 3972 525 4037 in
539 3974 671 4039 eeclesia
689 3976 843 4060 praeditus
858 3977 965 4055 fuerit,
980 3985 1014 4043 et
1031 3977 1130 4042 vitam
1149 3976 1454 4043 abstinentissimam

403 4081 514 4167 egerit,
538 4090 572 4147 st
593 4084 684 4149 valde
705 4085 967 4171 philosophicam,
988 4089 1135 4175 quodque
1151 4108 1272 4173 puram
1294 4086 1454 4173 religionis

404 4191 618 4257 observaverit
633 4194 842 4280 disciplinam,
857 4205 891 4263 et
912 4221 978 4283 prae
1000 4198 1124 4263 oaeteria
1139 4198 1235 4263 verbo
1256 4196 1317 4262 Dei
1332 4203 1365 4261 et
1379 4197 1454 4261 doo-

534 4321 721 4386 ¹(sor.1uaa)
1025 4324 1322 4390 mouendarum)

536 4414 552 4442 ¹¹
564 4402 699 4454 deamat.
713 4418 752 4467 2⁵·
1033 4419 1047 4447 ⁰
1059 4407 1123 4472 (sor.
1136 4407 1269 4471 ulduni.)
