3242 5150
347 418 415 481 314
532 407 806 477 CONCILIUM
834 399 1157 470 ARELATENSE
1182 399 1211 464 1,

350 589 512 664 Gregorius
526 585 692 664 episcopus,
706 581 743 639 ds
757 579 822 638 loeo
835 578 887 655 qui
902 586 947 634 est
961 575 991 634 in
1006 583 1094 652 portu
1110 571 1220 632 Romu

355 685 512 762 Epictetus
525 681 690 759 episcopua,
704 697 721 736 a
735 673 954 735 Centumcellis.

356 780 500 844 Leontius
513 787 544 836 et
559 775 723 836 Mercurius
737 771 898 851 presbyteri
914 771 951 828 ab
965 769 1067 828 Ostiis.
1118 778 1218 838 Extant
1238 777 1328 833 omnia
1348 775 1405 833 hu

390 873 534 946 synodalia
545 872 574 924 in
586 880 660 924 temo
669 870 687 922 i.
703 865 851 923 Harduinae
864 865 926 920 edit.
942 864 1124 929 Consiliorum,
1134 882 1179 940 pp.
1189 861 1336 921 ,πόα-268.

764 1106 990 1140 ...4-

861 1247 904 1310 V.

419 1436 803 1510 *SRESCRIPPUM
831 1435 939 1506 IMP.
969 1429 1336 1505 CONSTANTINI.

361 1638 554 1724 Hermetem
577 1635 768 1701 dementias?
790 1634 924 1718 Auqusti
942 1641 1013 1717 post
1035 1629 1201 1724 Syaedam,
1222 1637 1257 1694 ud
1276 1627 1322 1692 ad
1342 1645 1412 1690 esea

687 1746 866 1832 proeineias
881 1751 1079 1808 revertantur.

405 1873 634 1940 Constantinus
649 1873 824 1958 Augustus,
840 1872 995 1956 episeopis
1010 1867 1174 1938 catholicis
1189 1864 1359 1932 carissimis

730 1981 885 2046 fratribus
900 1979 1044 2048 salutem.

406 2108 549 2172 AEranus
565 2113 599 2171 et
616 2105 765 2190 religiosa
778 2105 1102 2191 ineampreheusibilis
1115 2104 1220 2190 pietas
1235 2101 1296 2166 Dei
1311 2099 1413 2164 nostri

363 2239 564 2305 nequequam
595 2217 754 2303 pennittit
783 2217 955 2281 humanam
984 2215 1198 2284 uenditionem
1226 2211 1346 2282 diutius
1380 2211 1414 2277 iu

364 2329 505 2395 tenebris
530 2331 699 2406 oberrara;
726 2351 829 2413 neque
850 2327 974 2415 patitur
996 2351 1109 2394 exosas
1131 2326 1340 2412 quorumdam
1361 2343 1414 2388 re-

365 2440 506 2505 luntates
526 2462 626 2525 usque
647 2440 679 2502 in
702 2446 830 2506 tantum
852 2440 1034 2526 pervadere,
1056 2447 1094 2504 ut
1116 2460 1180 2504 uon
1201 2438 1266 2501 suis
1287 2433 1415 2522 praela

365 2549 498 2617 riseimis
511 2549 682 2617 luminibus
700 2551 804 2615 denuo
824 2550 966 2637 pandens
986 2551 1049 2615 iter
1068 2549 1218 2623 salutare,
1235 2545 1289 2614 aas
1304 2547 1359 2611 det
1373 2545 1416 2611 ad

368 2663 508 2748 regulam
518 2662 655 2748 justitiae
669 2662 822 2727 eonverti.
869 2662 986 2727 Habeo
1001 2660 1117 2747 quippe
1131 2659 1293 2745 cognitum
1307 2656 1416 2723 multis

367 2773 538 2859 exemplis;
563 2772 632 2837 hoee
655 2772 765 2837 eadem
792 2794 833 2837 ex
855 2771 976 2857 meipsa
998 2771 1123 2837 metior.
1168 2770 1312 2837 Fuerant
1334 2768 1418 2833 enim

367 2884 399 2949 iu
415 2905 465 2947 me
485 2882 730 2967 primitusque
747 2882 876 2967 justitia
892 2904 999 2946 narare
1018 2882 1226 2959 trinobantum
1249 2902 1306 2945 nee
1332 2878 1417 2955 †ulla

368 2993 522 3077 putabam
537 2991 643 3054 videre
665 3012 835 3076 supernam
857 2991 1045 3077 potentiam,
1063 3012 1134 3077 quaa
1156 2990 1272 3077 hjuxta
1296 2996 1420 3055 saerata

369 3102 507 3187 pectoris
522 3102 583 3164 mei
597 3122 749 3185 gererem.
795 3101 954 3185 Equidem
969 3102 1046 3181 haee,
1062 3110 1100 3167 ut
1121 3102 1197 3176 dixi,
1213 3123 1339 3187 aequam
1353 3100 1417 3167 for·

370 3222 482 3277 tunam
501 3212 680 3275 debuerunt
700 3211 818 3287 sortiri,
835 3211 954 3276 scilieet
970 3212 1116 3277 omnibus
1135 3214 1227 3278 malis
1243 3214 1420 3277 redundan-

371 3332 445 3387 tem.
491 3321 554 3385 Sed
577 3322 665 3386 Deus
685 3322 885 3407 omnipotens
904 3320 936 3384 in
957 3320 1042 3385 aaelis
1064 3343 1122 3407 per
1144 3322 1258 3386 saeeula
1280 3320 1420 3385 residens

374 3432 497 3508 tribuit,
522 3431 606 3516 quod
629 3452 693 3494 non
718 3431 873 3495 merebar.
928 3434 1025 3497 Certo
1047 3434 1116 3518 jam
1142 3455 1243 3519 neque
1269 3432 1340 3509 diei,
1367 3452 1420 3495 ne·

372 3566 433 3629 que
455 3542 633 3608 enumerari
655 3551 858 3628 possuntne,
882 3566 952 3628 quae
974 3544 1092 3611 eaeiesti
1113 3568 1172 3611 sua
1193 3545 1226 3609 in
1248 3565 1298 3608 me
1322 3544 1421 3607 famu·

372 3652 437 3718 lum
467 3672 559 3716 suum
593 3650 813 3719 benevolentia
844 3652 1010 3732 eoueessit,
1037 3652 1226 3718 sanctissimi
1258 3649 1421 3717 antistites

374 3759 497 3826 Christi
519 3760 703 3838 Salvatoris,
719 3760 837 3827 iratres
859 3761 1022 3827 carissimi.
1067 3762 1200 3829 Gaudeo
1217 3760 1316 3847 igitur
1335 3758 1420 3845 squi-

471 3982 488 4019 Ι
500 3972 542 4022 aa
551 3973 682 4033 aspendios
692 3974 725 4020 ed
737 3975 861 4035 Optatam,
872 3981 896 4023 se
910 3976 970 4023 Me.
984 3974 1050 4023 Pus.
1178 3974 1237 4023 bnt
1251 3972 1322 4023 rnna

409 4106 423 4134 ·
434 4102 577 4168 (Sub-uerit
588 4102 732 4152 lietduinus
743 4104 851 4165 titulum,
862 4106 904 4168 qui
919 4106 1038 4170 sequitur,
1050 4122 1094 4169 pro
1105 4107 1226 4159 Sir-mendi
1242 4106 1291 4167 iila,
1302 4120 1374 4169 quam
1385 4120 1422 4155 rs·

375 4184 470 4233 roaarit
491 4183 608 4231 Maurius·
643 4185 751 4247 uptun
769 4187 1009 4249 lundunensem,
1024 4189 1065 4236 udi
1082 4189 1151 4250 anst,
1168 4189 1227 4251 quie
1243 4204 1303 4250 perr
1321 4186 1421 4245 mnas,

376 4267 604 4331 qramedesareurer
614 4268 761 4328 riedirierum,
773 4274 800 4315 ut
811 4269 955 4317 duranum
966 4276 989 4317 et
999 4270 1121 4333 appellent
1136 4269 1313 4333 imperatum,
1324 4275 1347 4319 et
1361 4268 1423 4317 desi·

376 4352 461 4405 derant
470 4350 552 4403 audiri
563 4355 615 4411 past
624 4349 787 4414 epiraepmn
793 4348 924 4411 jusdem)
1026 4350 1123 4416 †(ser·
1134 4349 1230 4419 ullam.)
