3242 5150
362 371 426 433 440
658 365 910 446 RELIQUIAE
935 367 1114 431 SACRAE.

361 538 627 648 φρονιμώτερος
645 538 826 618 λε’λεκται·
857 537 937 618 οὐδὲ
955 537 1029 642 γὰρ
1048 537 1093 619 ἂν
1110 538 1253 620 δύναιτο
1271 545 1344 619 τῶν
1355 543 1412 619 δι·

360 678 469 757 καίων
487 677 509 755 ὁ
527 675 659 774 ἄδικος,
672 682 745 756 τῶν
758 684 823 756 τοῦ
838 681 935 757 Θεοῦ
945 676 1143 781 παρέδρων,
1154 677 1174 755 ὃ
1187 674 1410 776 ἀποστάτης.

359 817 390 891 εὶ
409 809 448 890 δὲ
471 806 554 894 τοὺς
571 809 733 916 ἄφρονας
756 814 816 890 καὶ
839 810 1009 911 ἀνοήτους
1034 811 1320 918 κατασοφίζεται,
1338 819 1414 919 οτῷ

1028 943 1043 988 d

359 951 467 1054 πηλῷ
484 947 544 1025 καὶ
564 949 609 1048 τῇ
626 946 792 1052 πλινθείᾳ
817 944 1009 1047 γοητεύων,
1054 951 1113 1025 καὶ
1130 945 1213 1031 τούς
1237 948 1301 1027 οὐκ
1325 949 1411 1026 ἅνα-

359 1090 521 1180 βοῶντας
534 1080 625 1185 πρὸς
635 1081 698 1161 τὸν
712 1081 819 1179 Θεὸν,
830 1080 889 1162 διὰ
899 1079 942 1162 τὸ
957 1077 1008 1181 μὴ
1021 1086 1085 1181 τῆς
1096 1083 1290 1182 ἐπιβουλῆς
1302 1084 1412 1162 αὐτοῦ
1420 1118 1438 1175 5

359 1216 781 1314 σοναισθέσθααεὶκότως
791 1222 829 1298 ἐν
839 1224 913 1302 τοῖς
922 1219 1056 1321 θηρίοις
1064 1220 1187 1297 ἐκεῖνοι
1196 1225 1411 1320 λογισθεῖεν,

359 1350 410 1433 ὧν
438 1351 549 1453 μόνον
577 1353 646 1453 (for.
666 1351 799 1456 μόνων)
821 1353 1084 1460 φρονιμώτερος
1111 1350 1198 1432 εἶναι
1225 1354 1408 1434 λέλεκται.

362 1488 495 1590 ἀτελὴς
513 1488 585 1595 γὰρ
604 1489 648 1592 ἦν
666 1492 717 1570 ἔτι
736 1492 795 1570 καὶ
813 1492 833 1570 ὁ
853 1490 911 1570 ὑπ’
932 1490 1042 1570 αὐτοῦ
1059 1496 1201 1592 πρῶτος
1219 1491 1411 1589 ἀπατηθεὶς

359 1627 380 1704 ὃ
398 1623 529 1725 Ἀδὰμ,
548 1633 596 1713 εἰς
613 1625 738 1733 ψυχὴν
757 1624 878 1728 ζῶσαν
896 1624 1017 1724 μόνον,
1037 1636 1050 1669 ⁰
1060 1626 1208 1726 μηδέπω
1226 1624 1265 1704 δὲ
1281 1628 1341 1705 καὶ
1361 1631 1411 1709 εἰς

358 1769 498 1861 πνεῦμα
517 1760 709 1864 ζωοποιοῦν
732 1760 932 1864 γενόμενος,
951 1763 1010 1839 καὶ
1027 1761 1079 1840 ἔτι
1099 1794 1143 1862 γε
1159 1757 1232 1863 πρὸ
1251 1761 1369 1857 αὐτοῦ,
1388 1760 1462 1859 ἡιο

361 1896 502 2000 πλευρὰ
527 1902 802 1998 οἰκοδομηθεῖσα
828 1901 876 1980 εἷς
900 1902 1060 1998 γυναῖκα.
1089 1896 1182 1975 οὕτω
1199 1893 1266 1995 μὲν
1288 1896 1352 1975 οὖν
1369 1897 1411 1974 οὐ

362 2030 626 2136 φρονιμώτερος
658 2030 869 2133 ἀνθρώπων,
901 2031 985 2108 ἀλλ’
1015 2027 1094 2109 οὐδὲ
1121 2030 1301 2131 ἀγγέλων·
1333 2036 1412 2113 πῶς

360 2166 484 2270 γὰρ,ὁ
511 2164 580 2250 ἐἰς
605 2166 647 2246 τὸ
666 2166 946 2269 καταπαίζεσθαι
971 2168 1028 2247 ἐπ’
1049 2167 1167 2245 αι’ντῶν
1193 2164 1407 2267 γενόμενος;

361 2303 425 2382 οὐκ
454 2303 571 2382 αι’πῶν
598 2301 637 2382 δὲ
663 2301 793 2402 μόνων,
822 2301 923 2381 ἀλλὰ
950 2306 1009 2382 καὶ
1032 2302 1138 2385 εἴτις
1165 2309 1238 2381 τῶν
1259 2304 1412 2382 ἐνταῦθα

360 2434 569 2540 ἰσάγγελος·
607 2433 732 2541 ὥσπερ
765 2434 911 2534 ὁἼωβ,
940 2434 980 2520 ὃς
1006 2434 1274 2540 περιγενόμενος
1302 2438 1461 2522 abranus

361 2577 421 2653 καὶ
439 2571 713 2677 κατακρατήσας
731 2573 956 2677 ἑκατέρωθεν,
975 2575 1033 2652 καὶ
1050 2569 1140 2671 μήτε
1158 2570 1216 2651 διὰ
1229 2568 1296 2671 τὴν
1309 2571 1411 2671 εὐθρ-

362 2708 451 2808 νίαν,
470 2712 529 2789 καὶ
546 2707 612 2810 τὴν
636 2708 832 2813 εἰπραγίαν
857 2705 979 2805 ἁλοὺς,
997 2704 1020 2808 ἢ
1045 2710 1331 2811 παρακρουσθεὶς
1351 2708 1408 2785 ὑπ’

360 2932 419 2971 non
434 2914 601 2972 hominibus
615 2912 788 2991 prudentior
808 2934 858 2992 sp·
911 2923 1036 2980 ventem,
1046 2910 1176 2969 nondum
1196 2910 1292 2968 faetus
1305 2909 1335 2966 in
1349 2910 1408 2987 spi.

360 2992 488 3071 peilatus
501 3004 546 3051 est
556 3017 564 3063 ;
579 2994 761 3070 nequeenim
771 2994 861 3071 justis
910 2994 998 3052 ritum
1020 2992 1225 3055 vivificantem,
1250 2991 1314 3066 ejus
1337 2990 1408 3048 item

361 3073 498 3149 injustus,
524 3073 639 3149 Deique
670 3075 861 3133 assessoribus
910 3085 1068 3151 oostsquae
1085 3073 1117 3129 in
1129 3071 1281 3130 mulierem
1299 3071 1407 3148 [prius]
1420 3095 1460 3134 20

360 3152 533 3231 prudentior
560 3162 691 3231 apostata
719 3174 781 3212 esse
808 3175 860 3232 po-
911 3153 1051 3211 aedifiosts
1065 3153 1178 3211 fuerat:
1194 3152 1410 3227 qusrenecho-

362 3243 438 3291 test:
461 3232 484 3289 si
501 3253 569 3291 vero
589 3234 694 3291 stultos
712 3244 742 3291 et
763 3234 860 3292 fatuos
910 3234 1037 3292 minibus
1057 3253 1112 3292 nec
1135 3231 1244 3310 angelis
1267 3231 1410 3309 sapientis

361 3312 425 3371 luto
452 3323 483 3371 et
507 3333 594 3388 opere
621 3311 748 3371 lateritio
775 3314 860 3371 fusci-
910 3313 1068 3372 anteoeilit.
1111 3313 1173 3385 Qui
1189 3313 1266 3371 enim
1283 3323 1408 3389 poterat,

360 3413 441 3461 nans,
466 3393 585 3472 decipit,
614 3402 703 3469 atque
731 3412 781 3451 eos
809 3395 859 3471 qui
910 3394 1038 3453 ludibrio
1048 3396 1084 3453 ab
1095 3394 1137 3452 eis
1150 3392 1336 3452 afficiendus?
1355 3412 1409 3451 nec

361 3494 419 3532 non
428 3474 553 3533 clamant
562 3474 598 3533 ad
609 3474 716 3540 Deum,
726 3486 859 3553 propter·
910 3473 1026 3533 abillis
1049 3486 1174 3540 tantum,
1196 3494 1297 3532 verum
1319 3473 1406 3531 etism
1420 3498 1457 3557 25

360 3574 394 3613 es
408 3554 486 3633 quod
496 3555 615 3614 insidias
629 3555 692 3633 ejus
705 3555 784 3614 haud
794 3576 860 3614 sen-
910 3555 946 3612 sb
959 3555 996 3613 iis
1009 3556 1059 3632 qui
1078 3556 1110 3613 in
1124 3554 1218 3623 terris,
1234 3552 1271 3611 ed
1290 3552 1407 3630 angelo·

360 3654 394 3693 su
417 3635 592 3713 percipiunt,
613 3637 644 3694 hi
662 3635 729 3712 jure
748 3636 860 3714 optimo
910 3655 974 3693 rum
1004 3646 1138 3693 naturam
1167 3634 1299 3713 proxime
1327 3652 1408 3691 scoe-

359 3714 465 3773 belluis
479 3715 688 3775 annumerandi
703 3727 781 3786 sunt,
794 3717 859 3793 qui·
909 3715 999 3784 (ἴασις
1018 3716 1112 3794 quslis
1120 3713 1215 3772 Jobus
1223 3714 1347 3780 exstitit,
1356 3714 1408 3790 qui

359 3794 415 3852 bus
429 3796 498 3853 solis
512 3796 670 3875 sapientior
684 3807 729 3854 est
746 3817 860 3855 nuncu·
909 3797 1043 3875 superior
1053 3796 1105 3854 illo
1115 3794 1217 3860 evasit,
1228 3806 1259 3853 et
1269 3794 1408 3871 utrinque

360 3884 456 3953 patus.
485 3875 558 3934 Erat
569 3877 656 3935 etism
668 3886 740 3935 tuno
752 3878 859 3955 imper·
908 3876 991 3935 illum
1007 3876 1172 3943 debellarit,
1189 3894 1284 3952 neque
1304 3894 1408 3951 magns
1418 3904 1459 3959 30

361 3954 464 4025 fectus,
486 3956 536 4032 qui
558 3958 594 4015 ab
618 3955 670 4014 illo
693 3958 805 4035 primus
829 3958 858 4016 in
910 3977 1006 4015 rerum
1021 3970 1208 4016 externarum
1219 3954 1367 4013 affluentis
1377 3965 1408 4012 et

359 4035 491 4093 fraudem
517 4035 655 4095 inductus
679 4049 723 4096 est
751 4037 858 4105 Adam,
910 4038 1061 4097 foelieitste
1082 4038 1186 4102 victus,
1210 4035 1256 4094 vel
1277 4033 1352 4092 dolis
1372 4035 1409 4092 sb

359 4115 456 4193 quiin
470 4116 595 4175 animam
610 4127 726 4175 tontum
740 4131 803 4177 erat
816 4119 859 4176 vi.
909 4139 944 4177 eo
963 4119 1196 4178 circumventus:
1219 4116 1269 4175 sed
1288 4116 1411 4191 irrepre-

525 4270 627 4319 euxod.
640 4270 656 4319 i.
673 4285 710 4329 ¹4·
1049 4274 1154 4322 ‹luxou
1165 4273 1190 4321 ii.
1205 4283 1245 4333 23.

524 4362 537 4391 θ
552 4367 561 4401 1
577 4353 632 4402 Gor.
645 4369 686 4402 xv.
699 4366 739 4416 45.
1054 4354 1132 4403 fJob.
1142 4355 1176 4403 xl.
1190 4370 1228 4417 ro.
