3242 5150
354 311 418 378 406
700 303 1059 372 ANNO'PATIONES

354 482 411 547 liu.
427 497 476 565 15.
491 500 523 563 p.
536 479 613 562 39⁶·
637 477 734 540 Nune
747 481 858 540 autem
872 485 960 540 reete
970 475 1107 540 fortusse
1121 477 1260 542 adnotat
1274 475 1315 539 el.
1326 474 1417 541 Hei·

354 581 478 646 nioheu.
514 587 536 617 ‘⁸
553 577 711 662 Equidem
724 576 803 641 nihil
817 578 910 642 video
924 599 981 642 eur
994 577 1130 643 leetioue
1145 579 1274 664 vulgata
1288 579 1416 644 offendi

356 697 376 719 '‘
387 689 475 748 reete
483 679 649 765 possimus,
660 699 764 762 neque
773 678 816 742 ad
825 681 878 744 τδς
887 679 977 744 αὐτὰς
987 678 1131 744 ἀθεάτους
1141 679 1190 742 καὶ
1199 681 1253 744 τδς
1262 678 1417 756 ἀνοήτους

356 797 376 820 “
392 783 574 870 praeoedeus
588 782 714 862 ἀτόμους
732 779 890 865 supplere.
934 781 1084 864 Apparet
1102 779 1197 856 euim,
1213 780 1318 854 eredo,
1340 801 1415 842 non

354 901 377 934 “
391 893 460 957 siue
478 889 635 955 acerbiori
655 888 758 952 ironia
772 887 961 972 Dionysium
980 887 1095 966 dicere,
1112 891 1266 973 Speeteut
1283 888 1415 952 seilioet

354 1001 374 1033 “
391 992 550 1076 Epicurei,
566 991 594 1054 si
613 989 730 1074 plaeet,
745 995 883 1065 atomos,
898 1011 969 1072 quae
989 989 1131 1054 omnium
1150 989 1277 1075 fugiunt
1292 1011 1413 1072 eepee-

354 1110 376 1142 “
390 1109 471 1176 tum,
483 1100 627 1186 eogiteut
639 1099 700 1163 essii
714 1104 750 1163 et
762 1098 943 1177 informent,
956 1121 1026 1184 quer
1041 1100 1176 1186 eogitari
1190 1106 1225 1164 et
1238 1100 1411 1164 informari

354 1211 376 1243 “
390 1203 484 1288 plane
498 1200 690 1284 nequeunt.”

398 1307 435 1369 P.
445 1319 521 1389 397.
536 1303 556 1366 l.
572 1321 621 1368 12.
636 1301 671 1365 τδ
682 1301 907 1384 ἆκοτέργαατόν
922 1327 977 1366 σου
993 1304 1114 1366 εἴδοααν
1124 1305 1154 1366 ol
1167 1304 1323 1384 ὅφθαλμοέ
1332 1305 1408 1389 μου]

354 1408 458 1472 Loous
472 1403 551 1468 mihi
564 1403 694 1488 quidem
708 1404 928 1488 perobscurus.
973 1403 1117 1468 Primum
1130 1410 1239 1468 tamen
1258 1426 1317 1488 pro
1336 1407 1407 1469 zeu-

353 1534 414 1573 σον
429 1508 488 1592 (sie
506 1506 540 1569 iu
554 1504 713 1590 prioribus
728 1504 900 1590 Vigeriaua
913 1505 998 1588 edd.)
1014 1505 1137 1589 legend.
1152 1508 1225 1584 ἴδον,
1240 1505 1290 1569 vel
1309 1505 1404 1584 εἶδον,

350 1619 389 1676 ut
413 1611 500 1695 apud
522 1607 685 1691 chrysost.
700 1614 735 1672 et
757 1607 847 1680 alios,
870 1615 968 1694 atque
993 1606 1027 1670 in
1050 1607 1195 1670 omuibus
1216 1607 1406 1672 Groeoorum

351 1711 528 1776 Bibliorum
543 1707 746 1772 editionibus.
792 1708 929 1786 Deinde,
944 1707 1089 1774 relictam
1107 1707 1194 1773 illam
1214 1709 1257 1773 ab
1276 1709 1404 1774 eaeteris

352 1812 499 1877 omuibus
527 1808 697 1874 leetionem
729 1817 883 1896 sequutus
914 1817 976 1888 est,
1012 1807 1235 1891 διοτέργαοτόυ
1269 1835 1336 1882 σου,
1366 1817 1404 1873 et

351 1914 508 1995 ὀφθαλμοί
526 1937 594 1990 μου.
640 1910 703 1976 Illa
723 1912 808 1976 euim
830 1913 1004 1994 φανεμοθδν
1019 1913 1113 1995 ἑαυτῷ
1130 1908 1318 1995 significant,
1334 1931 1402 1974 nou

350 2015 413 2079 Dei
434 2013 491 2078 sed
513 2011 649 2077 Doridis
663 2012 769 2078 oeulos
790 2013 824 2078 id
843 2012 976 2077 vidisse:
999 2011 1069 2088 hoe,
1092 2011 1214 2096 opinor,
1237 2033 1343 2088 seusu,
1365 2013 1402 2076 τὸ

352 2114 577 2195 ἀκατέργαστόν
599 2137 667 2189 σου,
689 2113 747 2179 &a
794 2114 883 2193 Quod
897 2135 932 2178 ae
955 2114 1016 2178 troie
1037 2111 1174 2199 operam
1195 2114 1402 2198 imperfectum

351 2215 452 2281 αόδιιο
480 2225 508 2280 a
529 2213 702 2299 impolitam
731 2215 900 2292 υἱόνόαιιιτ,
928 2214 1008 2280 nardi
1032 2215 1154 2280 tandem
1180 2215 1239 2280 mei
1256 2214 1401 2300 pervide-

350 2326 448 2392 ruem
471 2316 527 2382 ubi
540 2314 686 2380 videlieet
706 2317 819 2401 majori
839 2317 899 2382 abs
912 2323 946 2381 te
964 2315 1034 2380 luee
1054 2315 1173 2401 perfusi
1187 2315 1323 2401 caligare
1341 2317 1399 2380 de-

350 2419 481 2484 sierunt.
527 2421 610 2482 Haeo
631 2419 674 2482 ad
698 2418 904 2503 aperiendam
925 2424 1085 2503 uteunque
1108 2417 1253 2503 Dionysii
1274 2423 1399 2482 senteu-

351 2521 438 2588 tiam.
485 2523 647 2587 Caeterum
661 2520 837 2585 eommunis
856 2521 1031 2605 eademque
1050 2521 1167 2587 eertior
1180 2520 1274 2585 lectio
1288 2526 1347 2598 est,
1363 2521 1398 2584 τδ

352 2622 575 2706 ἀκατέργαστόν
588 2648 657 2701 μου,
676 2622 766 2696 εἶδον,
782 2622 831 2687 vel
850 2626 923 2701 ἴδον,
938 2625 968 2687 oi
987 2625 1143 2704 ὀφθαλμοί
1155 2648 1219 2687 σου.
1242 2630 1279 2687 ub
1294 2621 1397 2685 Hebr.

350 2740 427 2802 pru>
449 2743 502 2790 ise
525 2724 592 2792 *aba
614 2744 671 2801 me,
692 2745 761 2788 eam
785 2724 887 2789 αόόιιο
910 2734 1044 2789 motem
1064 2726 1100 2789 ιἰι
1121 2734 1205 2789 utero
1223 2726 1399 2807 ἂμόρφοτος

349 2837 378 2891 et
396 2826 552 2891 ιἰιοόοαόιιν
565 2823 684 2908 ουιόιμο
702 2824 822 2889 elem
839 2833 965 2901 morer,
985 2822 1065 2889 oerdi
1082 2823 1129 2889 tei
1152 2822 1315 2887 daremus
1325 2842 1398 2905 μετ’·

350 2928 502 2993 aidonem.
555 2926 595 2989 Id
617 2927 702 2990 euim
728 2933 779 2991 est
804 2926 872 2994 nbi.
926 2926 1005 3007 Quae
1028 2924 1284 3009 chrysostomus,
1309 2926 1398 3007 Sym·

349 3028 454 3091 maohi
463 3026 706 3110 explieationem
716 3032 878 3111 sequutus,
890 3048 963 3091 aum
973 3026 1177 3111 sequentibus
1187 3027 1234 3093 itu
1248 3025 1396 3111 pertexit,

348 3127 544 3208 Ἀμόρφωτόν
565 3152 612 3206 με,
634 3126 779 3191 τουτέστι.
801 3127 915 3205 μηδένα
933 3131 1071 3208 λαβόντα
1085 3131 1187 3203 τόνον,
1205 3130 1248 3193 ἔτι
1264 3128 1396 3192 πλαττό-

348 3254 450 3310 μενον,
466 3229 510 3292 ἔτι
530 3230 743 3310 ὑφαινόμενον·
768 3229 817 3291 καὶ
839 3230 914 3293 οὕτω
935 3256 974 3309 με
994 3233 1059 3295 ἴδον
1082 3236 1197 3313 σαφῶς,
1221 3231 1261 3298 ὥς
1281 3233 1398 3295 ἐκεῖνον

347 3331 401 3396 τὸν
415 3330 650 3411 πεπληρωμένον
670 3330 718 3394 καὶ
738 3328 876 3409 οὐδεμιᾶς
894 3330 1004 3412 ἡμέρας
1019 3332 1063 3397 ἔτι
1082 3334 1234 3412 δεόμενον,
1249 3331 1324 3413 πρὸς
1342 3332 1397 3410 τὴν

349 3430 518 3513 ἆπόρτιοιν.
555 3432 602 3497 Et
615 3431 710 3517 paulo
724 3438 808 3516 post,
824 3434 932 3511 ὁμοίως
946 3434 1068 3501 ἐκείνοις
1078 3459 1116 3513 με
1127 3433 1212 3509 εἶδες,
1226 3443 1288 3503 τοῖς
1297 3440 1397 3499 πλασ-

271 3566 276 3577 ·
349 3534 499 3614 σομέυοις,
516 3536 551 3598 έν
565 3540 629 3601 ταῖς
642 3534 764 3616 ἡμέραις
778 3535 884 3609 αὐτῶν,
897 3533 1027 3615 ἡμέραις,
1043 3536 1089 3603 ate
1103 3536 1156 3599 οὐκ
1171 3534 1265 3601 ἐνέδει
1276 3536 1397 3615 οὐδεμία

347 3635 450 3715 ἡμέρα.
475 3635 619 3699 Vmerus.
664 3635 850 3700 Notandum
872 3642 933 3713 est,
956 3643 1067 3701 extem
1088 3636 1257 3703 leotionem
1277 3636 1396 3722 Diony·

347 3736 471 3800 sianum
490 3736 714 3818 ἆτατέργαστόν
729 3763 795 3811 σου,
812 3744 846 3801 eb
868 3740 1024 3819 ὀφθαλμοί
1040 3764 1107 3818 μου,
1123 3738 1158 3801 in
1175 3738 1282 3803 codiee
1295 3737 1396 3802 Alex·

347 3837 481 3901 audriuo
496 3842 556 3901 τῶν
570 3837 606 3900 o‘.
620 3859 641 3901 a
656 3836 779 3904 Grabio
798 3846 872 3923 poet
892 3839 1000 3925 Vigeri
1015 3847 1162 3924 tempora
1181 3838 1297 3925 publiei
1313 3837 1396 3924 juris

347 3938 444 4011 facto,
468 3938 611 4023 quamvis
634 3939 676 4003 ab
699 3941 811 4005 eodem
833 3939 956 4007 Grabio
979 3942 1013 4005 iu
1035 3962 1126 4007 oram
1148 3941 1225 4007 editi
1250 3940 1323 4005 libri
1347 3962 1395 4005 re-

343 4042 474 4126 jeetam.
526 4043 661 4105 Eiboeov
682 4063 817 4127 quoque,
838 4044 924 4128 quod
947 4066 1007 4129 ope
1028 4045 1124 4109 Mae·
1144 4043 1396 4129 Praeperetioair

346 4144 466 4229 Eeaetp.
481 4143 660 4208 Joaeeomb
680 4145 748 4210 viee
768 4152 822 4209 τοῦ
843 4149 956 4211 ἵδωοαν
978 4146 1134 4232 Dionysio
1154 4146 1292 4232 reposui,
1307 4145 1396 4211 ede

347 4247 435 4313 Aloe.
452 4268 518 4332 prae
538 4268 573 4310 se
588 4246 662 4327 fert,
678 4270 753 4315 uam
774 4249 878 4320 forma
899 4255 948 4315 est
969 4248 1197 4335 interpretibus
1212 4248 1329 4313 LXX.
1345 4268 1395 4313 so·
