3242 5150
482 1350 823 1443 LECTORI
867 1357 910 1440 S.

559 1593 841 1635 -4—

179 1765 300 1864 CUM
317 1789 476 1865 Concilii
489 1793 682 1886 Ancyraui
695 1792 870 1868 Oanones
882 1791 932 1868 ad
949 1792 1021 1868 hoc
1036 1791 1224 1897 Volumen

175 1923 356 1997 ultimum
367 1927 450 2018 jam
467 1925 653 1999 reservati
670 1925 824 2012 fuerint
843 1927 891 2000 de
908 1927 1061 2001 Canone
1079 1927 1225 2001 decimo

176 2053 291 2126 tertio
308 2052 370 2128 hic
386 2055 620 2129 monendum
638 2061 708 2142 est,
720 2078 783 2130 me
799 2064 941 2152 praeter
953 2057 1109 2132 solitum
1126 2057 1167 2129 in
1180 2079 1225 2131 eo

174 2185 400 2280 exponendo
412 2187 546 2261 fusiori
558 2189 729 2263 oratione
741 2212 856 2264 usum
868 2191 996 2277 fuisse,
1010 2211 1081 2263 uec
1093 2196 1225 2263 tamen

173 2313 287 2391 'extra
311 2319 416 2393 oleas
432 2324 606 2414 vagante,
625 2321 813 2415 siquidem
833 2323 917 2395 haec
942 2342 1021 2394 uua
1037 2321 1154 2394 verba
1175 2343 1225 2394 ex

172 2450 277 2524 omni
294 2472 477 2546 germana
493 2452 725 2547 antiquitate
740 2446 974 2550 presbyteris
994 2459 1225 2548 potestatem

172 2603 302 2657 sacros
326 2583 478 2657 ordines
505 2584 722 2658 conferendi
751 2591 856 2683 ῥητῶς
885 2585 1111 2686 attribuant.
1163 2585 1225 2659 Sic

171 2714 328 2807 quidem
346 2736 387 2787 se
403 2714 570 2787 habente
588 2714 660 2789 hoc
677 2738 823 2789 canone
844 2717 884 2789 in
902 2715 1039 2789 Codice
1056 2715 1225 2789 ecclesiae

171 2820 368 2933 Romanae,
388 2845 455 2919 sed
477 2847 732 2921 renitentibus
748 2848 875 2923 verbis
898 2846 945 2921 iis
965 2847 1119 2933 Graecis,
1138 2870 1225 2942 quae

162 2974 252 3067 jnre
276 2976 517 3085 praeferenda
541 2999 624 3051 esse
646 2979 805 3067 ostendi,
824 2978 927 3052 unde
948 2978 1054 3051 haud
1080 2978 1226 3053 diutius

168 3106 268 3204 opus
293 3108 411 3184 fuerit
427 3110 564 3184 Latino
585 3110 851 3204 supplemento
876 3134 901 3185 a
925 3111 1103 3205 plurimis
1125 3132 1225 3184 com-

168 3240 364 3315 mendato,
402 3242 498 3329 Quae
512 3263 605 3315 saue
617 3243 810 3316 conclusio
827 3243 889 3315 his
901 3241 1115 3336 praesertim
1127 3248 1224 3315 tem-

167 3372 328 3466 poribus
335 3372 480 3466 aliquid
490 3374 677 3448 momenti
687 3374 827 3448 habere
837 3373 968 3468 possit.
983 3372 1113 3467 Neque
1122 3373 1224 3446 enim

168 3510 237 3591 est,
252 3502 357 3599 quod
375 3525 452 3577 non
465 3505 595 3600 pigeat
606 3528 677 3579 nos
689 3505 852 3578 recentis
865 3527 911 3578 ac
926 3503 1057 3599 magni
1074 3508 1226 3604 παρορά-

164 3668 286 3721 ματος,
306 3634 407 3729 quod
430 3636 540 3709 nobis
562 3638 710 3732 peperit
732 3636 943 3730 disciplinae
966 3635 1137 3730 antiquae
1155 3645 1225 3711 aut

166 3766 407 3862 negligentia
424 3773 496 3840 aut
516 3744 665 3840 oblivio.
717 3766 829 3841 Certe
849 3767 954 3840 haud
975 3766 1161 3842 debuerat
1182 3770 1223 3842 in

166 3920 377 3973 munerum
404 3899 526 3974 nostri
553 3898 707 3993 quidem
734 3872 825 3971 cleri
850 3898 1053 3993 quisquam
1079 3900 1222 3987 referri,

166 4053 212 4104 ac
239 4030 487 4133 ministrandi
510 4032 550 4103 in
574 4032 691 4104 sacris
708 4052 826 4104 causa
841 4030 891 4105 ad
913 4036 1067 4105 exteras
1088 4039 1222 4127 gentes

166 4161 284 4247 mitti,
302 4161 378 4234 uisi
395 4161 593 4235 ordinatus
616 4161 665 4235 ab
685 4162 869 4257 episcope,
888 4161 997 4255 cujus
1017 4162 1222 4235 duceretur

167 4312 236 4385 per
253 4270 427 4366 ordinem
444 4294 693 4367 successionis
709 4295 919 4367 auctoritas
935 4293 984 4366 ab
1001 4289 1131 4388 aliquo
1144 4296 1221 4388 epi-

167 4445 294 4519 scopo,
320 4426 436 4519 quem
465 4426 636 4520 apostoli
667 4426 729 4500 vel
758 4427 956 4521 apostolici
983 4426 1064 4511 viri,
1093 4447 1221 4499 conse·

696 4573 717 4614 a
734 4570 752 4615 2

641 4723 911 4837 296977
