3242 5150
321 408 372 470 IN
397 406 653 470 ANCYRANI
678 407 896 471 CONCILll
922 408 1150 473 CANONES.
1196 408 1260 476 167

561 700 564 708 ,
600 622 751 690 cruor
778 623 863 688 xx.

254 745 291 808 P.
312 743 481 826 124.l.17.
506 742 581 806 Ἐάν
600 767 680 807 τινος
699 743 774 824 γυνὴ
794 745 953 827 μοιχευθῇ]
976 744 1157 809 Oanonietae
1173 744 1260 809 nulla

208 846 320 911 habita
330 844 1257 923 ratione,autfactumeutione‚diffioultatisexverbisortae‚

209 948 248 1012 de
263 969 359 1032 poena
373 947 436 1010 iste
451 945 541 1030 quasi
561 945 592 1008 in
613 945 791 1010 adulteram
808 969 940 1011 uxorem
959 960 1057 1032 etque
1077 947 1258 1013 adulterum

207 1049 332 1114 sancita
355 1049 457 1133 legem
478 1047 741 1132 interpretantur.
790 1049 979 1114 Horduinus
1001 1072 1125 1135 quoque
1144 1051 1186 1114 ad
1206 1073 1257 1114 oa-

207 1174 321 1216 nonem
344 1152 475 1216 Umreilii
493 1149 684 1217 Elideritooi
699 1172 786 1212 axrrr.
802 1150 856 1234 qui
873 1151 942 1237 agit
962 1153 1002 1214 de
1021 1153 1177 1231 adultera,
1197 1150 1257 1217 leo-

207 1261 309 1318 torem
334 1254 465 1338 relegat.
510 1253 614 1330 Solus,
638 1253 722 1336 quod
746 1251 855 1329 scium,
878 1252 916 1316 cl.
945 1252 1091 1318 Fleurius
1116 1254 1149 1318 iu
1171 1254 1255 1318 Her.

208 1353 294 1418 Eccl.
311 1354 370 1417 vol.
386 1355 434 1417 ll.
449 1353 503 1418 ubi
523 1355 618 1418 hosce
633 1355 778 1420 Oenones
802 1355 941 1420 breviter
955 1367 1099 1422 recenset
1118 1380 1190 1442 pag.
1205 1377 1255 1434 24.

208 1456 352 1542 Anglicae
368 1455 543 1533 Versionis,
558 1458 598 1520 de
623 1457 735 1520 marito
749 1457 863 1521 calocio
876 1457 1025 1521 adulterii
1043 1460 1147 1523 amris
1169 1459 1254 1543 priu-

206 1559 322 1645 cipium
338 1559 476 1626 (lenonis
491 1559 544 1622 rev
558 1584 639 1626 τινος
658 1559 734 1640 γυνὴ
752 1563 896 1645 μοιχευθῇ
911 1560 1050 1644 exponit.
1096 1559 1143 1623 Et
1157 1567 1256 1636 recte,

206 1668 243 1726 ut
254 1661 376 1746 opinor,
385 1661 433 1726 ita
446 1661 530 1726 enim
547 1683 581 1725 se
595 1660 694 1724 habet
707 1661 819 1724 iisdem
830 1659 895 1724 lere
906 1661 1103 1744 temporibus
1114 1661 1256 1726 sancitus

205 1763 336 1828 (lencilii
359 1761 548 1828 Eliberitani
571 1764 681 1828 Oanon
697 1785 778 1826 axx:
804 1763 844 1826 Si
863 1784 930 1826 cam
949 1764 1127 1828 moenia
1146 1765 1256 1828 mariti

206 1886 282 1930 recor
292 1866 397 1949 fuerit
411 1867 568 1944 mocchota,
575 1866 699 1951 phacud
713 1887 766 1930 aec
779 1866 814 1928 in
827 1867 895 1948 fiac
909 1866 938 1929 ei
958 1865 1095 1930 dandum
1108 1889 1254 1931 111110111-

204 1969 394 2042 mwaioaem;
418 1969 478 2032 hoc
493 1976 554 2045 est,
569 1969 696 2043 merito,
713 1977 749 2033 ut
765 1991 804 2032 ex
820 1990 940 2033 conone
952 1993 1016 2032 11111
1028 1978 1163 2034 constet.
1199 1971 1253 2033 Ad

203 2071 411 2155 Ancyranum
438 2093 590 2136 canonem
614 2071 698 2156 quod
728 2071 858 2149 attinet,
882 2071 936 2135 vix
958 2071 1152 2156 cogitatione
1177 2071 1254 2158 fingi

204 2181 321 2258 potest,
331 2173 372 2237 ad
385 2181 452 2238 tam
463 2172 591 2258 longam
602 2173 825 2258 poenitentiam
836 2174 1051 2237 damnandum
1061 2194 1130 2237 esse
1139 2174 1252 2250 virum,

205 2275 260 2360 qui
278 2276 345 2360 ipse
365 2276 493 2340 omuino
515 2276 665 2340 innocens
680 2276 787 2352 luerit,
803 2276 844 2339 ob
864 2276 972 2339 uxoris
991 2297 1056 2339 suae
1074 2276 1250 2361 flagitium

204 2377 300 2441 immo
320 2377 442 2462 pariter
460 2377 672 2453 multandum,
693 2385 791 2463 atque
809 2377 835 2441 si
850 2378 918 2462 ipse
935 2377 1125 2442 adulterium
1145 2387 1253 2462 petra·

204 2480 320 2554 visset;
344 2480 404 2544 hoc
423 2488 483 2557 est,
499 2481 584 2565 quod
604 2479 791 2564 sequitur&
811 2481 957 2562 μοιχεύσῃ
976 2481 1027 2547 τίς.
1069 2479 1150 2543 Viro
1165 2480 1253 2564 igno-

203 2585 364 2661 scendum,
379 2606 481 2668 neque
496 2584 715 2647 communione
730 2583 919 2669 privandum
933 2604 1011 2660 esse,
1027 2582 1082 2666 qui
1095 2582 1137 2645 ab
1153 2604 1252 2647 uxore

203 2709 261 2751 sua
282 2695 401 2772 praeter
415 2686 571 2750 rationem
591 2685 720 2751 relictus
734 2686 842 2762 fuerit,
857 2684 904 2748 ait
924 2685 956 2748 S.
970 2684 1107 2747 Basilius
1123 2683 1251 2748 (lenone

203 2811 261 2853 suo
275 2788 435 2854 tricesimo
450 2788 572 2873 quinto.
618 2788 663 2853 Et
678 2807 872 2873 quamquem
885 2808 987 2850 canon
998 2786 1252 2849 Neooaeeorieaeis

203 2896 334 2954 octavus
355 2889 469 2953 laioum
491 2890 667 2957 ministerio
689 2912 780 2955 sacro
802 2888 1016 2974 repellendum
1032 2887 1138 2972 jubet,
1162 2886 1251 2972 cujus

203 3014 283 3055 uxor
301 2990 449 3057 adulterii
470 2992 613 3057 convicte
637 3002 728 3071 esset,
746 2992 824 3071 Γυνή
844 3016 924 3058 τινος
936 2994 1131 3073 μοιχευθεῖσα
1145 2995 1251 3054 λαῖκοΰ

202 3094 288 3161 ὄντος
303 3095 357 3158 ἐὰν
372 3094 504 3180 ἐλέγχθῃ
519 3094 666 3175 deripere.
683 3097 699 3159 d
715 3100 846 3162 τοιοῦτος
860 3096 902 3160 ele
916 3092 1080 3173 ὑπηρεσίαν
1099 3094 1201 3156 ἐλθεῖν
1215 3092 1251 3155 οὐ

203 3196 332 3269 δύναται,
343 3202 497 3281 tanquam
513 3197 538 3261 si
551 3197 655 3262 labem
668 3197 753 3261 famo
768 3196 905 3260 hominis
915 3196 957 3260 sd
972 3216 1097 3258 sacrum
1107 3194 1249 3258 ordinem

203 3297 420 3380 promovendi,
436 3307 469 3363 et
490 3319 529 3362 ex
547 3298 637 3384 gravi
657 3320 786 3363 suorum
808 3298 935 3375 delicto,
956 3307 990 3362 et
1015 3319 1056 3361 ex
1070 3320 1129 3361 sua
1151 3296 1251 3382 ipsius

202 3396 323 3462 incuria
337 3399 567 3474 contraxissetr
593 3400 693 3464 virum
706 3409 815 3465 tamen
830 3400 922 3486 punit
936 3422 1037 3484 neque
1049 3400 1132 3463 idem
1148 3420 1252 3463 canon

202 3522 258 3565 uec
274 3500 383 3565 Canon
395 3524 466 3565 axv.
484 3500 700 3567 Eliberitenus
711 3502 809 3567 sacris
820 3502 983 3566 ordinibus
994 3503 1062 3586 jam
1078 3502 1249 3577 initiatum,

201 3603 260 3667 nisi
286 3626 417 3668 uxorem
439 3626 530 3669 suom
555 3605 733 3670 adulteram
759 3606 845 3690 opud
869 3627 904 3669 se
928 3605 1066 3669 retinere
1091 3614 1248 3689 pergeret.

201 3704 296 3775 Quod
313 3707 440 3791 quidem
456 3706 572 3772 marito
587 3708 684 3774 etiam
699 3708 804 3773 civiles
818 3707 904 3792 leges
917 3706 1139 3792 prohibebant.

244 3807 282 3871 P.
298 3827 335 3871 12
336 3829 368 3893 5.
384 3809 404 3872 l.
419 3830 445 3872 1.
463 3808 523 3894 δεῖ]
547 3810 618 3875 Hoc
638 3832 697 3893 pro
717 3811 814 3875 verbo
834 3815 916 3874 δοκεῖ
935 3808 1137 3873 Concilium
1154 3811 1248 3874 Oooc-

199 3930 334 3994 aumque
364 3910 499 3975 lectione
531 3924 605 3994 post
639 3913 846 3998 Beveregium
875 3910 976 3997 posui,
1006 3932 1077 3975 cum
1110 3912 1248 3995 patroci-

199 4019 317 4076 nentur
337 4014 365 4076 ei
388 4021 457 4078 tum
479 4014 592 4078 codices
612 4014 776 4078 Bodlcimai
790 4036 887 4078 amuco
907 4020 1025 4099 praeter
1038 4011 1112 4075 daos
1129 4014 1199 4096 158.
1214 4021 1249 4077 et

201 4129 273 4197 715.
296 4122 364 4177 tum
387 4124 495 4179 veteres
514 4116 626 4179 Latini
647 4117 839 4201 Interpretcs,
856 4116 1078 4197 Hervetueque
1100 4111 1132 4176 in
1147 4114 1248 4175 Inter-

193 4214 364 4297 pretotiooe
386 4238 443 4279 suo
463 4216 579 4281 oodieis
600 4216 713 4281 Tiliani
737 4218 901 4291 Coactum,
918 4223 952 4279 et
971 4214 995 4277 J
997 4236 1116 4278 oannes
1132 4212 1247 4277 Antio·

199 4316 317 4381 chenuo
331 4318 361 4381 in
380 4318 535 4382 Oouoaum
546 4318 675 4403 Dipcslo.
722 4318 814 4383 Nunc
831 4317 997 4383 Pedalium
1010 4315 1121 4381 addas.
