3242 5150
351 427 508 492 GESTA
533 426 866 492 PURGA'l'IONIS
892 427 1088 492 FELICIS.
1180 427 1240 498 991

193 597 293 661 dixit:
323 597 425 661 Nemo
447 598 669 675 eonrmunicet,
692 599 766 683 quie
787 599 900 662 falsum
923 599 1062 663 admisit.
1110 599 1153 663 Et
1176 601 1241 663 dixi

194 708 238 771 illi
249 731 309 793 ego
324 730 342 772 e
355 717 487 774 contre:
512 710 578 773 Nec
594 709 665 786 tibi,
679 709 804 786 necilli,
816 710 892 794 equi
904 710 1043 774 traditor
1057 733 1100 774 es.
1146 711 1243 774 Dolui

193 817 278 880 enim
301 839 431 882 causam
455 817 563 882 Mauri
590 818 724 903 hospitis
743 817 816 892 mei,
842 819 916 902 quie
938 819 1241 884 communicaveram

193 950 265 990 cum
286 927 341 992 illo
362 928 394 992 iu
417 951 560 1014 peregre,
586 929 678 1014 squie
700 929 784 993 eresi
810 930 1072 1013 persecutionem.
1118 929 1243 994 Exinde

193 1039 237 1102 ibi
257 1039 290 1101 in
313 1041 439 1123 sspstris
458 1041 557 1124 ipsine
577 1039 693 1105 Felicis
712 1040 788 1103 duxi
809 1062 933 1104 mecum
947 1049 1014 1105 tres
1034 1041 1184 1116 seniores,
1204 1049 1241 1105 ut

192 1149 336 1214 viderent
350 1172 392 1212 su
406 1171 514 1213 verum
529 1151 726 1227 tradidisset,
741 1172 783 1214 en
803 1171 876 1214 uon.
922 1151 1126 1235 Apronianus
1141 1151 1241 1215 dixit:

193 1260 267 1323 Nou
295 1261 343 1325 ite
371 1261 458 1325 venit
486 1261 528 1324 sd
559 1261 765 1325 Caecilisnum
794 1259 959 1345 hquaerere
994 1262 1033 1326 de
1063 1263 1244 1326 Oaeeiliano:

194 1369 342 1434 AElisnus
356 1370 523 1456 proconsul
546 1371 714 1435 Oaecilieuo
734 1370 833 1434 dixit:
859 1373 1025 1448 Quomodo
1040 1372 1081 1436 ed
1102 1379 1136 1437 te
1156 1372 1242 1437 venit

195 1479 381 1564 Ingentiusi
398 1479 584 1544 Oaecilisnus
600 1480 781 1564 respondit:
802 1480 898 1545 Domi
915 1482 955 1545 ed
972 1483 1132 1546 mevenit.
1149 1504 1241 1567 pren-

191 1590 308 1654 debem
331 1611 403 1653 cum
428 1590 590 1674 operariis.
613 1591 700 1654 venit
722 1589 802 1653 illue.
830 1591 922 1654 stetit
943 1591 975 1653 in
994 1592 1104 1676 janue,
1145 1591 1243 1656 0ωοί-

191 1701 295 1765 lienus
308 1700 362 1764 ubi
377 1701 449 1765 esti
468 1699 560 1765 dixit.
594 1701 772 1786 Respondi:
797 1700 870 1764 Hie.
910 1703 982 1786 Ego
997 1702 1068 1765 dico
1083 1702 1132 1766 ei:
1156 1703 1240 1780 Quid

192 1812 262 1873 est!
288 1808 404 1873 Omnis
426 1813 534 1874 recte!
555 1809 681 1887 Omnia,
709 1810 795 1875 dicit.
841 1809 1002 1895 Respondi
1029 1811 1090 1875 illi:
1119 1813 1152 1876 Si
1177 1835 1239 1876 non

191 1918 317 1983 fastidis
332 1921 498 2005 prendere,
515 1921 596 1996 reni,
607 1921 738 2004 prende.
780 1920 868 1985 Dicit
884 1921 978 1985 mihi:
999 1923 1156 1987 Revertor
1169 1924 1239 1987 huo.

193 2029 288 2094 Venit
302 2029 375 2093 illuc
390 2030 486 2093 solus·
517 2030 632 2094 Dicere
647 2032 722 2094 mihi
738 2032 846 2116 coepit,
864 2032 953 2096 ieece
968 2032 1013 2095 sio
1028 2031 1115 2107 mihi,
1129 2054 1241 2097 curere

192 2149 225 2203 et
250 2141 409 2224 inquirere
434 2163 475 2205 eu
498 2142 614 2206 aduste
639 2142 736 2206 suerit
762 2143 921 2226 scripturo
945 2164 1030 2205 enno
1056 2131 1251 2207 duoviratus

192 2251 263 2313 mei.
309 2253 392 2314 Dico
412 2252 455 2315 iili
475 2275 553 2337 ego:
578 2252 738 2317 Molestus
753 2275 785 2317 es
805 2253 893 2325 mihi,
910 2262 946 2316 tu
967 2252 1062 2316 homo
1082 2251 1239 2316 immissus

191 2384 243 2425 es:
266 2362 340 2426 laxe
362 2363 435 2426 hinc
454 2371 488 2427 te
509 2386 531 2428 e
551 2386 611 2427 me.
658 2363 703 2428 Et
717 2363 821 2448 sprevi
839 2363 926 2426 iilum
948 2385 969 2426 e
988 2385 1049 2426 me.
1094 2362 1140 2428 Et
1154 2365 1240 2428 venit

192 2473 245 2536 illo
270 2473 388 2538 iterato
411 2495 482 2536 cum
505 2472 626 2558 college
648 2495 730 2547 meo,
755 2493 827 2535 cum
854 2493 917 2556 quo
939 2472 983 2534 sui
1008 2472 1134 2535 AEdilis.
1180 2474 1240 2537 Ait

192 2584 269 2647 mihi
299 2584 419 2669 college
447 2605 553 2647 meus:
590 2583 682 2646 Felix
711 2591 821 2646 noster
849 2582 1014 2666 episcopus
1043 2582 1129 2646 misit
1155 2584 1240 2646 hune

192 2694 350 2759 hominem
366 2704 403 2758 ut
413 2695 512 2759 facies
526 2694 570 2757 illi
582 2694 702 2769 literas,
714 2694 790 2778 quis
801 2694 924 2778 occepit
935 2693 1058 2757 codices
1073 2694 1240 2778 pretiosos,

190 2813 224 2869 et
235 2805 337 2869 noluit
348 2826 495 2869 revocare
510 2805 588 2875 illos,
605 2800 751 2868 kscribes
766 2804 820 2867 illo
831 2804 916 2890 quod
939 2826 1023 2867 enno
1041 2802 1240 2869 lduovirntus

191 2916 238 2978 tui
260 2914 416 2979 combusti
442 2922 526 2978 sunt.
572 2912 618 2978 Rt
641 2913 706 2977 dixi
732 2936 810 2998 ogo:
844 2916 926 2977 Haec
952 2920 1001 2977 est
1026 2914 1105 2978 fides
1132 2914 1239 2979 Chris·

190 3025 369 3089 tisuorum!
402 3024 571 3109 ingentius
584 3022 685 3087 dixit:
713 3024 861 3099 Domine,
877 3024 983 3088 veniet
998 3030 1031 3088 et
1046 3024 1237 3109 Augentius.

190 3134 235 3198 Et
250 3156 309 3219 ego
331 3133 522 3197 honorificus
543 3154 623 3208 sum,
640 3141 674 3196 et
698 3133 799 3196 honor
814 3154 902 3195 meus
922 3142 1079 3218 mpereat,
1096 3144 1130 3198 et
1144 3134 1238 3218 hujus

189 3244 291 3307 latere
318 3243 400 3327 (ejus
425 3242 546 3318 literas,
569 3242 668 3306 edidit
696 3244 848 3325 Messon.)
879 3243 1042 3308 hebemus.
1086 3245 1238 3309 AElienus

189 3352 356 3436 proconsul
373 3353 522 3436 ingentio
536 3351 637 3415 dixit:
666 3351 847 3414 Revineeris
862 3350 924 3414 elio
941 3352 1045 3415 titulo.
1086 3353 1238 3419 AElisuus

190 3462 357 3549 proconsul
380 3462 462 3526 dixit
480 3462 521 3525 ed
544 3461 699 3524 officium:
728 3462 818 3545 Apte
839 3462 936 3525 illum.
982 3462 1123 3547 Cumque
1146 3473 1238 3546 epte-

188 3580 288 3650 retur‚
315 3572 461 3636 AElisnus
484 3570 652 3656 proconsul
675 3570 777 3635 dixit:
813 3572 1041 3655 Suspendetur.
1096 3575 1238 3661 Cumque

188 3681 444 3764 suspenderetur,
467 3681 618 3746 AEliauus
642 3681 810 3766 proconsul
836 3681 1005 3745 Caeoiliuuo
1028 3682 1127 3747 dixit:
1153 3685 1238 3764 Quo·

188 3792 283 3854 modo
307 3792 349 3855 sd
372 3799 406 3856 te
431 3792 597 3877 ingentius
623 3790 729 3857 reniti
754 3790 951 3877 Respondit:
981 3792 1072 3855 Misit
1098 3792 1160 3857 huc
1185 3814 1236 3857 me

188 3901 290 3976 Felix,
311 3903 402 3980 dixit,
423 3911 543 3979 noster,
567 3911 605 3968 ut
627 3903 749 3967 scribes
770 3901 835 3978 illo,
861 3902 965 3987 “quie
988 3912 1038 3967 est
1062 3925 1142 3967 unus
1166 3926 1236 3988 per·

189 4020 207 4047 “
218 4012 314 4089 ditus,
328 4012 433 4077 neseio
445 4014 510 4098 qui,
522 4014 664 4077 ¹¹hebens
674 4035 771 4099 penes
783 4034 834 4077 me
843 4013 968 4077 codices
980 4012 1239 4097 pretiosissimos,

219 4182 307 4242 ⁶(sor.
322 4182 379 4242 quis
389 4190 499 4238 secunus,
512 4192 542 4231 ut
552 4182 624 4243 infru,
632 4199 655 4245 p,
667 4182 735 4247 ²9³·)
791 4184 802 4223 ἲ
816 4184 877 4245 (sor.
892 4180 959 4245 qus)
1008 4179 1099 4244 t(for.
1114 4179 1240 4243 petrium)

185 4262 279 4325 ¹¹(sor,
291 4279 379 4325 quere,
390 4264 436 4321 cel,
447 4280 553 4325 querere
564 4264 722 4329 quesumus.)
800 4264 880 4324 ¹(for.
893 4262 1017 4313 coemisse
1027 4259 1072 4325 se.)
1147 4259 1237 4323 ¹¹(sor.

184 4342 330 4407 etscribss.)
395 4343 614 4410 Ι(ἀιιιιιιινίι-ιιιιι.)
678 4357 702 4386 m
717 4347 780 4407 (scr.
793 4344 874 4407 perit.)
961 4354 975 4383 ¹1
992 4340 1123 4406 (Nonnihil
1135 4341 1238 4396 excidit:

184 4426 319 4475 codicem
327 4426 443 4489 habeut)

687 4508 776 4574 Pp2
