3242 5150
370 375 439 460 '108
708 391 1088 457 ANNOTATloNsss

372 573 432 634 λῶς
447 567 508 646 άμα
522 561 628 650 Πέτρῳ
638 567 678 651 τῷ
690 565 923 648 δρχικπισκόπιρ,
936 563 1097 626 ἐπίσκοποί
1104 586 1138 625 τε
1148 561 1198 625 καὶ
1208 561 1300 626 άλλοι
1310 561 1422 642 ὀλίγοι.

375 672 423 734 καὶ
441 667 559 742 λοιπὸν,
576 669 657 732 οὗτοι
677 667 810 730 κατιδίαν
824 667 962 748 ηὔχοντο,
979 665 1028 728 καὶ
1046 663 1128 728 οὗτοι
1145 665 1287 736 κατιδίαν,
1304 665 1352 727 καὶ
1370 666 1425 730 τὰς

373 773 472 839 άλλας
487 771 651 853 ἱερουργίας
666 769 804 834 ὡσαύτως
819 768 945 834 ἕκαστος
959 767 1018 850 ἰδίη
1032 765 1179 830 ἐπετέλει.
1418 758 1427 779 ”

418 875 536 936 Γίνεται
550 874 583 936 δέ
598 870 717 951 Πέτρον
730 873 925 950 μαρπιρῆσαι,
942 869 989 932 καὶ
1000 867 1159 944 ἐτελειύθη
1168 867 1185 928 ὁ
1195 864 1348 945 μακάριος,
1360 864 1425 927 διά·

373 978 466 1056 δοχον
481 973 669 1052 καταλείψας
685 969 889 1053 Ἀλέξανδρον
909 973 943 1034 ἐν
961 967 1233 1057 τῇἈλεξανδρείη.
1256 967 1345 1033 αύτδς
1363 971 1424 1048 γάρ

372 1073 540 1157 διαδέχεται
554 1072 607 1136 τδν
620 1075 728 1154 θρόνον
741 1077 818 1153 μετὰ
828 1073 883 1137 τὸν
892 1070 1106 1154 προειρημένον
1119 1069 1245 1150 Πέτρον.
1270 1067 1424 1146 Μελήτιος

373 1178 406 1241 δέ
421 1177 470 1240 καὶ
483 1177 574 1240 άλλοι
588 1176 699 1240 πολλοὶ
714 1173 861 1259 ἐξορισμῷ
876 1173 1038 1250 ὑπέπεσον,
1053 1170 1300 1254 ύτερορισθέντες
1313 1172 1424 1236 ἐντοῖς

373 1279 546 1358 Φαινησίοις
559 1276 730 1357 μετάλλοις.
753 1277 801 1341 καὶ
815 1279 882 1340 τότε
896 1276 1014 1349 λοιπδυ,
1030 1277 1060 1338 οἱ
1074 1275 1233 1354 συρόμενοι
1250 1274 1335 1338 ὄντες
1348 1273 1420 1350 δμο-

371 1382 498 1464 λογηταδ
520 1380 581 1460 άμα
603 1381 756 1464 Μελητίεγ,
771 1379 820 1443 καὶ
841 1378 928 1444 ούτδς
946 1376 1098 1455 Μελῆτιος
1112 1376 1147 1438 ἐν
1165 1378 1203 1462 τῇ
1222 1374 1330 1458 εἱρκτῇ,
1346 1376 1423 1437 κατδ

374 1489 442 1570 (ἐστ.
460 1485 549 1569 κᾷτα)
565 1484 619 1563 τὴν
630 1483 809 1563 ὁδοιπορίαν,
823 1478 886 1546 καθ’
898 1479 1148 1562 ἐκάσηνχόραν,
1161 1475 1282 1540 καὶκαό
1293 1475 1422 1539 ἕκαστον

371 1588 465 1651 τόπον
479 1589 668 1670 διερχόμενος
689 1587 815 1649 καθίστα
835 1582 997 1663 κληρικοδς,
1014 1580 1193 1644 ἐπισκόπους
1205 1602 1248 1653 τε,
1264 1576 1312 1640 καέ
1326 1600 1419 1656 πρεσ-

371 1687 526 1771 βυτέρους,
541 1689 590 1751 καὶ
602 1689 766 1762 διακόνους,
782 1685 830 1749 καὶ
847 1683 989 1771 ᾠκοδόμει
1004 1681 1162 1760 ἐκκλησίας
1177 1679 1261 1745 ἐδίας·
1284 1677 1333 1741 καὶ
1350 1679 1421 1740 ούτε

372 1783 452 1850 οὗτοι
470 1787 584 1852 τούτοις
606 1789 679 1868 (cor.
703 1784 839 1863 ἐκεινοῖς)
862 1782 1049 1857 ἐκοινώνουν,
1071 1782 1138 1844 ούτε
1164 1781 1274 1844 ἐκεῖνοι
1293 1781 1419 1846 τούτοις.

372 1886 546 1968 ἐπέγραφον
557 1888 590 1950 δέ
606 1887 730 1952 ἕκαστος
738 1887 818 1970 ἐντῇ
830 1884 888 1967 ἰδίᾳ
899 1883 1051 1966 ἐκκλησίᾳ,
1062 1885 1091 1945 01
1099 1884 1157 1961 μέν
1166 1880 1227 1945 άπδ
1237 1885 1290 1944 τοῦ
1301 1879 1421 1961 Πέτρου

371 1985 576 2066 διαδεξάμενοι
591 1986 712 2070 ἐχοντες
725 1990 777 2053 τδς
791 1987 885 2052 οὔσας
899 1986 1026 2067 ἀρχαίας
1040 1984 1210 2064 ἐκκλησίας,
1220 1984 1267 2047 ότι
1275 1982 1421 2061 ἐκκλησία

372 2087 524 2168 καθολική·
544 2091 574 2152 οἱ
587 2090 620 2151 δέ
635 2088 694 2151 ἆπδ
709 2091 872 2167 Μελητίου,
888 2086 1033 2167 ἐκκλησία
1049 2087 1213 2168 μαρτύριον.
1235 2086 1308 2150 ὅθεν
1322 2084 1371 2148 καὶ
1384 2082 1420 2147 ἐν

369 2189 632 2271 Ἐλευθεροπόλει,
656 2190 703 2253 καὶ
725 2188 760 2254 ἐν
781 2191 869 2276 Γάζῃ,
886 2191 935 2256 καὶ
956 2189 991 2253 ἐν
1013 2190 1104 2274 Αίλίιρ
1117 2188 1311 2269 παρελθδνδ
1333 2185 1420 2252 αὐτὸς

372 2291 523 2371 Μελήτιος
535 2293 668 2360 πολλοὺς
683 2294 773 2358 ούτιις
793 2294 1012 2376 ἐχειροτόνησε.
1033 2292 1081 2356 καὶ
1100 2291 1229 2375 γέγονεν
1243 2288 1335 2353 αύτδν
1348 2313 1419 2371 χρο-

371 2398 547 2476 νοτριβῆσαι
561 2395 671 2460 ἐντοῖς
685 2395 907 2476 προειρημένοις
924 2394 1097 2474 μετάλλοις.
1121 2395 1202 2457 ἀλλὰ
1215 2391 1325 2471 μεταξύ
1344 2390 1419 2452 άπα-

370 2499 493 2562 λύονται
507 2502 566 2561 τῶν
586 2497 747 2577 μετάλλων
761 2499 790 2561 o!
811 2496 1002 2579 ὀμολογηταὶ,
1018 2497 1080 2559 οίτε
1093 2499 1146 2558 τοῦ
1162 2493 1269 2575 μέρους
1287 2491 1416 2573 Πέτρου·

369 2602 449 2681 ἦσαν
470 2604 528 2683 γὰρ
551 2601 594 2665 ἐτι
615 2604 735 2667 πολλοί·
761 2602 808 2665 καὶ
823 2603 852 2663 01
872 2604 926 2663 τοῦ
948 2602 1110 2677 Μελησίου.
1135 2599 1203 2661 ούτε
1222 2600 1279 2679 γδρ
1300 2594 1337 2661 ἐν
1357 2602 1420 2662 τοῖς

368 2701 530 2781 μετάλλοις
552 2702 698 2781 ἀλλήλοις
718 2698 940 2779 ἐκοινώνουν,ἢ
961 2702 1156 2782 συνηύχοντο.
1178 2701 1294 2781 γίνεται
1312 2700 1345 2762 δέ
1364 2698 1418 2761 τὸν

371 2804 524 2883 Μελήτιαυ
539 2805 583 2867 ἐτι
597 2807 751 2887 διατρίψω
766 2802 800 2867 ἐν
816 2805 916 2887 κόσμῳ
930 2804 1053 2885 χρόνον,
1068 2802 1108 2869 ὥς
1121 2827 1154 2866 τε
1166 2800 1356 2880 συνακμάσαι
1369 2800 1418 2863 καὶ

368 2902 559 2989 Ἀλεξάνδρῳ
581 2912 621 2992 τῷ
641 2910 694 2968 τοῦ
715 2907 833 2986 Πέτρου
854 2908 991 2989 διαδόχῳ,
1015 2908 1053 2969 τδ
1075 2906 1152 2986 φίλα
1174 2930 1208 2969 τε
1230 2905 1323 2989 ἐχειν·
1349 2902 1417 2983 ἐμε·

368 3007 459 3087 ρίμνα
472 3030 506 3069 τε
519 3009 557 3069 τδ
570 3008 638 3087 περὶ
653 3011 703 3086 τῆς
717 3005 878 3085 ἐκκλησίας
892 3008 940 3071 καὶ
950 3008 1087 3074 πίστεως.
1102 3007 1180 3087 ἐφην
1190 3010 1248 3087 γὰρ
1257 3006 1416 3079 πολλάκις,

371 3108 418 3170 ότι
439 3108 526 3171 ούδέν
543 3107 626 3191 εἶχεν
647 3109 909 3190 παρηλλαγμένον.
936 3108 1024 3176 αὐτὸς
1040 3113 1098 3190 γὰρ
1117 3107 1204 3175 οδτος
1225 3111 1242 3173 ὁ
1264 3108 1417 3187 Μελήτιος

369 3209 403 3272 ἐν
425 3207 640 3295 Ἀλεξανδρείᾳ
665 3212 838 3291 γενόμενος,
860 3209 981 3294 κᾴκεῖσε
1006 3212 1166 3292 διατρίβων
1189 3212 1311 3295 χρόνον,
1336 3209 1416 3292 ἔχων

370 3310 448 3374 ίδίαν
461 3311 515 3389 τὴν
535 3313 659 3391 σύναξιν
680 3312 736 3376 σὺν
757 3318 819 3379 τοῖς
841 3314 935 3388 ἰδίοις,
950 3312 1005 3375 τὸν
1021 3310 1144 3394 Ἀρειον
1167 3310 1327 3393 ἐφόρασεν
1348 3312 1418 3374 άνε-

368 3412 476 3496 νέγκας
491 3412 540 3478 ἐπὶ
553 3414 608 3479 τδυ
619 3414 829 3495 Ἀλέξανδρον.
853 3416 892 3481 ὣς
906 3414 1035 3497 ἐνηχήθη
1050 3416 1082 3478 δέ
1097 3414 1151 3477 τὸν
1160 3412 1283 3495 Ἀρειον
1303 3412 1337 3477 ἐν
1351 3420 1418 3480 ταῖς

369 3514 458 3579 αὐτοῦ
474 3514 653 3599 ἐξηγήσεσιν
675 3517 731 3595 ἐξω
752 3522 805 3579 τοῦ
826 3514 1020 3597 προκειμένου
1034 3520 1085 3594 τῆς
1104 3516 1230 3581 πίστεως
1250 3516 1415 3595 βεβηκότα·

368 3614 421 3696 (τίν
435 3622 495 3701 γὰρ
509 3616 595 3687 οὗτος
609 3622 643 3683 ἐν
658 3618 797 3699 Βανκάλη
810 3623 846 3698 τῇ
858 3617 1001 3702 ἐκκλησίᾳ
1011 3620 1087 3682 οὕτω
1097 3615 1417 3703 καλουμένῃἈλεξαν-

368 3722 466 3800 δρείας
487 3723 700 3803 πρεσβύτερος.
727 3720 789 3785 καθ’
814 3720 943 3799 ἑκάστην
964 3724 1023 3802 γὰρ
1046 3722 1088 3788 εἷς
1107 3720 1310 3801 πρεσβύτερός
1333 3722 1418 3782 ἐστιν

367 3823 615 3905 άποτεταγμένος.
637 3821 717 3903 ἦσαν
731 3826 788 3904 γὰρ
803 3823 918 3887 πολλοὶ
932 3822 1096 3901 ἐκκλησίαι,
1114 3828 1169 3886 νῦν
1179 3824 1213 3885 δέ
1223 3823 1354 3894 πλείους,
1368 3823 1418 3886 καὶ

366 3924 444 4007 αύτῷ
464 3924 483 4003 ἡ
503 3926 647 4002 ἐκκλησία
662 3926 876 4008 ἐγκεχείριστο·
902 3922 958 4008 κᾷν
974 3950 1007 3988 τε
1026 3925 1122 3992 δλλος
1135 3924 1193 3989 σὺν
1212 3924 1291 4009 αύτῷ
1304 3920 1351 4003 ἦν.
1373 3924 1417 3986 ὧν

367 4025 456 4089 ἕνεκα
469 4026 626 4106 γενόμενοι
641 4030 675 4091 ἐν
690 4029 730 4113 τῷ
744 4029 825 4112 τόπιρ
839 4028 968 4107 λέξομεν
982 4030 1057 4090 κατὰ
1073 4028 1249 4106 λεπτότητα,
1264 4027 1315 4090 ότε
1328 4027 1418 4108 χρεία

365 4128 433 4209 περὶ
455 4130 559 4193 τούτου
582 4128 691 4212 ἔσται.)
715 4130 779 4194 ἐπεὶ
801 4117 856 4194 οὖν
878 4132 1018 4211 ἐφύροσε
1032 4129 1087 4193 τὸν
1103 4127 1228 4209 Ἀρειον
1249 4128 1418 4193 σπουδαίας

365 4229 574 4311 Ἀλέξανδρος,
591 4230 783 4312 συγκαλέσας
798 4233 975 4300 ἐπισκόπους
993 4232 1040 4296 καὶ
1059 4229 1198 4303 σύνοδον,
1214 4229 1308 4309 ἐζήτει
1326 4232 1417 4308 άξιῶν

365 4333 431 4413 περὶ
446 4334 583 4410 πίστεως,
599 4334 646 4396 καὶ
666 4334 798 4398 ἀπαιτῶν
817 4334 870 4398 τὸν
880 4332 1003 4414 Ἀρειον
1017 4334 1084 4414 περὶ
1103 4337 1154 4411 τῆς
1173 4335 1207 4396 ἐν
1222 4333 1300 4416 αύτῷ
1316 4333 1416 4412 ἐγκισ-
