3242 5150
372 425 436 491 162
704 422 1077 488 ANNOTATIONES

370 595 562 666 Aristonus3
588 593 674 658 houd
698 614 770 657 oum
793 591 909 656 ueteris
929 590 1115 656 Scholiastis
1137 590 1355 675 metaphorice
1376 588 1425 653 in·

370 695 587 781 telligendum.
634 696 780 760 Pertinet
794 701 903 759 nutem
917 693 959 758 ed
974 700 1187 757 monstrosum
1201 693 1317 759 horum
1330 691 1424 754 mise·

369 818 478 860 romm
506 818 544 860 uo
573 797 773 861 desertorum
802 795 966 859 hominnm
994 793 1158 860 libidinem
1189 794 1290 858 tertie
1317 792 1427 857 fabulo

370 898 458 964 tertii
473 897 544 963 libri
559 897 755 962 Fololrrum
770 896 910 961 Phaedri.
947 898 1000 961 Ao
1014 898 1145 961 tendem
1160 895 1224 959 vidi
1239 896 1280 959 de
1294 893 1426 959 oenonis

369 1001 633 1085 interpretatione
656 1020 779 1064 meeum
803 999 1055 1063 consentientem
1082 998 1216 1063 Petmm
1242 998 1282 1062 de
1309 998 1426 1060 Meroe

371 1102 404 1165 in
420 1102 561 1187 ejusdem
582 1102 711 1167 eenonis
726 1101 939 1186 explicatione
958 1100 991 1164 in
1008 1100 1168 1185 Opti-sotiis
1182 1099 1248 1164 suis
1262 1121 1283 1164 a
1295 1098 1425 1164 Bnluzio

370 1227 455 1270 nnno
476 1207 551 1269 1681
572 1206 709 1292 primum
724 1205 829 1270 editis.

415 1307 500 1371 lbid.
517 1308 582 1387 ἤτοι
597 1305 825 1392 λεπρώσοντας]
842 1304 1036 1370 Scholiastes
1052 1304 1284 1390 Hermenopnli
1295 1303 1328 1367 in
1339 1303 1424 1366 huno

370 1430 523 1473 canonem
543 1409 612 1473 lraeo
632 1409 740 1486 hebet,
764 1410 881 1489 Λεπρὸς
901 1407 944 1472 ὢν
964 1408 1057 1491 ἤγουν
1075 1407 1241 1487 ἀκάθαρτος
1265 1408 1314 1470 καὶ
1332 1430 1424 1485 μεμο-

369 1510 524 1591 λυσμένος·
545 1511 705 1592 ἀκάθαρτοι
720 1514 777 1592 γάρ
793 1513 822 1574 ol
836 1511 944 1591 λεπροὶ
956 1513 1037 1591 παρὰ
1051 1510 1092 1594 τῷ
1109 1510 1263 1593 Μασοϊκῷ
1280 1506 1370 1592 νάμιρ·
1389 1508 1423 1571 τὸ

369 1615 401 1676 δὲ
424 1614 583 1694 irruptione
597 1613 664 1676 ἀντὶ
684 1619 736 1676 τοῦ
756 1611 873 1692 μιάνας,
890 1615 927 1676 τὸ
946 1617 1004 1687 ζῶα
1024 1609 1171 1690 δηλονότι·
1194 1609 1424 1692 χειμαζομένους

369 1717 401 1778 δὲ
416 1715 484 1782 τοὺς
499 1720 698 1794 δαιμονῶντας
718 1713 816 1796 λέγει,
832 1716 871 1782 ὥς
891 1738 971 1781 τινες
984 1715 1091 1794 φασίν.
1136 1715 1299 1796 Lopmm,
1314 1711 1368 1776 loo
1380 1722 1424 1775 ost

368 1815 543 1879 ιὐιινιυιάυς
557 1825 585 1879 ot
592 1815 750 1900 ροέέοίυος
776 1816 888 1902 quippo
902 1816 1011 1901 leprosi
1029 1824 1117 1879 orem
1137 1813 1292 1877 imoowsdi
1310 1814 1344 1876 iu
1362 1813 1424 1898 ένρν

368 1919 520 1982 Moerico.
568 1917 657 1996 Quod
669 1918 727 1995 ait,
741 1918 795 2004 qui
810 1918 896 2002 lepre
915 1918 1032 2002 inserit,
1047 1926 1165 1981 tentem
1179 1916 1266 1992 valae
1281 1938 1320 1980 αο
1331 1915 1360 1979 ri
1373 1914 1422 1978 dr·-

368 2029 451 2096 ooo,
470 2019 593 2104 pollotri,
612 2020 752 2102 jumento
779 2021 901 2085 seilicet.
938 2017 1146 2103 Hylonome
1170 2027 1271 2084 oedem
1295 2029 1381 2082 oooat
1400 2040 1423 2082 ο

368 2124 511 2186 Βαινοοο
534 2131 634 2198 tortor,
661 2131 695 2186 ul
720 2121 822 2207 aliqui
844 2121 981 2186 immor.
1025 2121 1223 2206 Hermenop.
1251 2119 1328 2205 epit.
1350 2141 1422 2186 eun.

368 2230 446 2287 seot.
458 2245 485 2286 v.
503 2223 553 2287 tit.
565 2242 595 2306 3.
642 2223 783 2288 Isidorus
804 2224 971 2289 Mereetor
985 2223 1068 2287 buno
1086 2243 1239 2287 renonem
1258 2222 1305 2286 sio
1324 2221 1422 2285 inter-

368 2333 523 2410 pretetur,
539 2326 605 2390 Ηος
622 2327 723 2390 eodem
741 2349 814 2392 ςαυα
833 2348 893 2391 nou
913 2326 1008 2390 solum
1030 2325 1156 2410 leprosos
1169 2325 1298 2388 crimem
1318 2323 1423 2408 iujuo

367 2429 450 2493 modi
454 2430 566 2513 sector,
582 2429 635 2493 sod
646 2439 674 2493 et
688 2429 766 2493 alios
786 2428 842 2492 isto
858 2450 912 2493 ουο
926 2426 1025 2492 morio
1044 2427 1195 2513 repleretur,
1205 2426 1327 2512 pluerit
1343 2429 1424 2493 iuter

366 2553 414 2595 eos
427 2553 525 2610 oraro,
541 2532 595 2617 qui
609 2537 801 2617 tempestate
811 2530 988 2617 jaetantem
1002 2529 1055 2615 qui
1069 2553 1089 2594 e
1103 2529 1195 2595 nobis
1207 2529 1422 2616 Energumeni

366 2633 578 2719 appellentur.
623 2634 797 2718 Dionysius
822 2633 977 2719 Exiguus,
999 2632 1064 2695 Eos
1088 2633 1142 2718 qui
1165 2631 1423 2697 irrationabiliter
1552 2668 1558 2677 ·

367 2736 517 2812 οἰαοιυνιι,
540 2744 569 2799 ot
591 2735 677 2821 lepre
702 2736 797 2801 inusti
817 2736 958 2801 miminis
973 2734 1052 2799 alios
1065 2732 1253 2819 potiturum,
1270 2736 1422 2819 proeoepit

364 2848 472 2901 rareto
494 2838 634 2920 spoodm
655 2837 736 2901 iuter
750 2860 796 2903 eor
817 2860 907 2902 oraro
927 2839 985 2924 qui
1004 2837 1119 2923 spiritu
1131 2836 1352 2921 periclitentur
1364 2838 1422 2901 im-

366 2939 487 3015 υιιιοιιὶο,
504 2939 558 3002 ubi
580 2939 767 3004 observetur
788 2940 848 3004 hos
868 2940 981 3004 umbos
995 2961 1067 3005 oum
1085 2936 1262 3002 Sobolieste
1283 2936 1421 3004 Herme-

367 3039 474 3123 nopuli
504 3062 612 3103 vooem
641 3043 854 3123 λεπράσαντας
883 3041 916 3105 in
944 3048 1038 3105 textu
1070 3039 1173 3104 notive
1202 3039 1421 3125 interpretari.

369 3140 596 3207 BEVEREG.
621 3145 695 3207 Hoo
707 3165 780 3208 enm
789 3143 895 3208 eotive
905 3140 1135 3227 signifioetione
1145 3140 1420 3226 interpretandum

365 3266 434 3309 esse
459 3253 589 3310 censent
612 3244 722 3310 itidem
746 3246 892 3311 Zonaras
916 3254 951 3310 et
976 3244 1159 3320 Aristonus,
1184 3266 1256 3308 oum
1282 3245 1419 3309 neutmli

365 3369 440 3411 vero
454 3355 488 3412 et
504 3356 657 3431 tnnquenr
675 3347 874 3432 praeteritum
889 3348 953 3413 elii.

409 3449 448 3514 P.
464 3468 535 3534 123.
545 3448 565 3511 l.
584 3451 631 3512 16.
644 3452 686 3516 εἰς
700 3449 767 3516 τοὺς
777 3447 1020 3531 χειμαζομένους]
1034 3446 1158 3511 Videsls
1170 3468 1240 3531 quae
1249 3448 1291 3511 ed
1303 3448 1418 3512 herum

367 3548 623 3612 Annotutionnm
636 3547 753 3611 oeleem
765 3569 883 3633 ponere
898 3546 975 3611 mihi
988 3547 1088 3610 visum
1099 3554 1150 3611 est
1164 3569 1205 3611 ex
1219 3547 1311 3611 Notis
1324 3548 1418 3611 uber·

365 3650 452 3713 rimie
467 3651 509 3715 ntl
525 3649 725 3713 undeoimurn
740 3672 892 3715 onnonem
914 3649 1045 3714 Oorwilii
1056 3650 1185 3711 Nieoeui
1194 3650 1417 3734 Boooropiouie.

367 3750 515 3815 Diversae
537 3773 632 3836 super
646 3752 706 3816 hoo
729 3774 764 3817 re
785 3751 920 3838 protulit
934 3750 1098 3835 opiniones
1118 3751 1267 3815 Suieerue
1288 3751 1322 3814 in
1342 3752 1417 3816 Tle-

362 3873 455 3915 sauro
483 3852 659 3917 Ecclesia-st.
687 3876 753 3918 oooe
778 3857 1012 3935 Χειμαζόμενοι;
1043 3853 1099 3938 qui
1130 3864 1238 3917 temen
1268 3854 1416 3920 Suioerus

365 3952 468 4017 minus
482 3964 579 4031 reete,
592 3965 628 4019 ut
640 3956 762 4040 opinor,
772 3957 858 4022 fovet
872 3956 1100 4032 statuentibus,
1109 3956 1177 4022 τοὺς
1186 3956 1416 4039 χειμαζομένους

364 4056 424 4119 hoo
447 4055 515 4119 loco
532 4078 593 4119 non
613 4058 823 4122 daemoninoos
844 4079 925 4134 esse,
941 4057 997 4121 sed
1017 4079 1072 4121 eos
1092 4057 1272 4142 signifioeri‚
1289 4058 1342 4142 qni
1361 4058 1416 4122 rub

363 4156 414 4220 dio
430 4180 488 4243 pro
503 4158 611 4243 templi
627 4158 748 4223 foribus
763 4167 903 4224 orarent.
940 4158 1129 4224 Conferenti.
1145 4158 1313 4243 Binghom.
1327 4160 1413 4244 Orip.

363 4258 448 4323 noel.
463 4258 516 4322 lib.
529 4258 569 4337 iii
597 4282 667 4344 ουρ.
679 4283 708 4340 4.
732 4262 761 4343 ᾧ.
774 4265 804 4325 6.
825 4269 859 4326 et
881 4261 934 4325 lib.
947 4262 1008 4326 xvi.
1029 4263 1099 4346 onp.
1118 4282 1166 4325 ιι.
1184 4263 1213 4343 ξ.
1226 4284 1256 4347 9.
1297 4261 1414 4326 Latine

363 4360 459 4428 vertit
475 4362 534 4425 hoo
550 4361 619 4426 loeo
635 4361 807 4448 Dionysius
823 4361 977 4448 Exiguus,
992 4363 1045 4449 qui
1064 4362 1179 4447 spiritu
1191 4363 1416 4448 periclitantur
