3242 5150
224 398 436 465 ANNOTT.
453 397 504 460 IN
530 398 563 461 S.
579 397 707 460 DION.
726 396 848 460 LIBB.
871 396 934 459 DE
957 396 1175 461 NATURA.
1193 400 1254 462 421

209 572 258 635 rol
271 571 383 634 πολλοὶ
397 575 457 633 τῶν
472 571 613 649 ἀδελφῶν
627 568 688 648 ἅμα
699 566 931 646 συνεξήλθομεν.
964 566 1018 630 Ad
1033 567 1103 644 hoc,
1120 567 1174 632 ubi
1189 568 1259 634 illas

208 694 260 736 res
275 677 395 748 narrat,
407 693 479 755 quae
494 670 555 733 sibi
569 676 642 754 post
656 669 763 754 fugam
779 668 862 732 hanc
872 667 1075 753 contigerint,
1086 677 1259 755 autequam

209 772 439 837 Alexandriam
458 772 570 836 urbem
589 772 747 846 rediisset,
763 771 806 834 ibi
822 770 863 835 de
877 771 1047 836 Timotheo
1064 774 1100 837 lit
1118 773 1259 850 menti03

209 875 293 939 unde
313 872 422 959 judice
446 872 594 938 Fabricio
619 875 661 939 ad
689 873 922 957 Hieronymum
948 875 998 938 Do
1031 874 1116 938 Virio
1138 876 1259 940 Illootr.

210 999 278 1062 cap.
294 978 346 1061 69.
361 975 461 1039 filium
473 976 618 1061 Dionysii
627 976 832 1040 Timotheum
847 975 930 1038 bunc
945 975 1041 1040 fuisse
1052 976 1261 1062 colligendum

210 1086 270 1143 est.
316 1079 408 1142 Idem
429 1099 524 1163 porro
538 1078 578 1142 de
598 1077 745 1162 conjugio
766 1077 913 1161 Dionysii
932 1077 1081 1141 videntur
1095 1079 1213 1144 sentire
1227 1086 1261 1144 et

211 1180 432 1245 Tillemontius
453 1179 486 1242 in
506 1181 670 1244 Μέοοοίνοο
689 1179 774 1243 Eccl.
791 1178 904 1242 vohiv.
925 1200 954 1263 p.
971 1198 1040 1242 101.
1062 1180 1112 1244 ed.
1132 1180 1262 1246 Bruxel.

210 1292 245 1348 et
260 1281 424 1346 Strotbius
441 1288 601 1345 annotans
620 1281 662 1344 ad
678 1279 860 1344 Eusebium.
907 1279 963 1344 Sin
985 1279 1033 1344 ita
1052 1303 1086 1344 se
1100 1303 1151 1346 res
1166 1282 1262 1350 hobe-

210 1385 279 1459 bat,
296 1384 436 1446 nondum
452 1391 561 1446 tamen
576 1382 758 1468 episcopum
772 1382 892 1446 factum
904 1402 973 1445 esse
983 1381 1181 1466 Dionysium,
1191 1405 1262 1448 cum

211 1491 308 1549 uatus
330 1484 427 1548 fuerit
451 1484 646 1559 Timotheus,
667 1483 864 1559 crediderim,
887 1490 1058 1568 propterea
1077 1485 1171 1567 quod,
1192 1507 1264 1550 cum

211 1593 338 1670 tempus
353 1586 554 1670 episcopatus
571 1585 639 1669 ejus
653 1605 754 1650 annos
771 1585 985 1669 septendecim
1001 1607 1065 1650 uon
1084 1588 1264 1664 excederet,

212 1687 318 1772 gravis
332 1685 511 1770 argumenti
527 1707 606 1770 opus
622 1685 719 1749 cuivis
734 1685 885 1769 puerilem
895 1693 1027 1751 aetatem
1040 1688 1126 1752 haud
1138 1711 1265 1774 egresso

212 1789 265 1853 vix
291 1787 459 1852 dicavisset
482 1785 599 1872 praesul
624 1787 869 1852 Alexandrinus.
927 1787 1038 1872 Neque
1061 1796 1169 1854 tumen
1192 1813 1265 1854 cum

212 1890 383 1955 Baraterio
407 1890 554 1965 dicerem,
578 1888 633 1952 illa
655 1889 696 1953 de
719 1890 795 1973 luga
817 1909 876 1952 sua
903 1911 924 1954 a
949 1889 1103 1975 Dionysio
1129 1913 1265 1956 comme·

212 1999 339 2056 morata
353 1991 493 2055 indicere
507 1991 591 2054 hunc
610 1990 812 2054 Timotheum
828 1990 876 2054 vel
898 1990 1090 2075 episcopum,
1107 1992 1157 2056 vel
1179 2015 1264 2076 pres-

212 2095 361 2179 byterum
375 2093 480 2156 fuisse.
521 2091 600 2154 Vide
615 2092 746 2155 Ditem.
763 2093 831 2174 ejus
848 2092 917 2156 Ill.
933 2092 971 2158 de
982 2093 1266 2177 Pseudo-Dionysio

212 2199 327 2280 Arecp.
344 2197 374 2277 ξ.
384 2217 412 2258 v.
428 2217 500 2279 pag.
513 2212 587 2274 294.
618 2193 717 2277 Gujus
732 2193 859 2278 quidem
870 2193 1158 2279 Pseudo-Dionysii
1169 2217 1266 2279 opera

213 2297 298 2361 idem
325 2297 512 2361 Baraterius
536 2295 714 2380 cognomini
741 2295 962 2359 Alexandrino
987 2296 1104 2361 idcirco
1129 2297 1266 2361 maxime

213 2398 363 2475 assernit,
380 2399 465 2481 quod
480 2405 514 2460 et
537 2413 728 2480 personatus
749 2394 921 2481 Dionysius
944 2397 1063 2483 scriptu
1080 2419 1138 2462 soa
1160 2400 1267 2464 omnia

214 2498 351 2584 Τιμοθέῳ
374 2497 577 2583 nuncupavit,
600 2520 694 2582 quem
716 2502 809 2561 παῖδα
834 2486 952 2584 passim
976 2507 1079 2562 vocat.
1124 2500 1172 2564 At
1190 2522 1266 2564 vero

216 2609 406 2687 personatus
420 2600 483 2679 ille,
499 2600 552 2684 qui
567 2600 666 2664 libros
685 2622 760 2664 suos
780 2600 947 2685 plerosque
964 2601 1012 2665 ito
1030 2601 1201 2687 inscripsit,
1217 2608 1266 2689 Τῷ

216 2702 469 2787 σνμπρεσβντέρῳ
490 2703 627 2786 Τιμοθέῳ
650 2703 842 2768 Διονύσιοςό
862 2704 1076 2783 πρεσβύτερος,
1094 2704 1137 2767 ad
1157 2704 1267 2769 Titum

217 2825 352 2888 quoque,
368 2825 501 2880 necnon,
517 2803 543 2867 si
558 2803 619 2867 diis
638 2804 754 2888 placet,
769 2803 811 2867 nd
833 2803 994 2868 loannem
1008 2804 1189 2888 apostolum
1203 2805 1267 2891 epi-

217 2906 317 2970 stolas
342 2905 438 2970 misit.
484 2908 647 2970 Praeterca
672 2905 714 2969 ad
744 2905 869 2969 dicendi
898 2927 998 2991 genus
1028 2907 1113 2991 quod
1138 2907 1266 2988 attinet,

219 3006 372 3091 quidquid
382 3006 505 3069 monuit
519 3006 715 3081 Baraterius,
727 3008 807 3072 satis
817 3008 977 3095 discrepet
987 3009 1063 3073 illud
1073 3009 1115 3074 ab
1124 3010 1269 3075 oratione
1370 3034 1377 3045 ·

217 3108 283 3171 veri
306 3108 461 3193 Dionysii,
477 3117 514 3172 ut
536 3108 654 3173 nullum
677 3108 751 3173 iude
770 3119 993 3196 argumentum
1013 3112 1087 3175 duci
1108 3120 1267 3197 oporteat.

218 3210 321 3273 Porro
336 3232 466 3295 prorsus
481 3211 577 3275 latuit
591 3233 642 3275 res
657 3212 745 3276 istaec
760 3222 884 3277 veteres
899 3214 1080 3300 scriptores,
1093 3215 1147 3300 qui
1162 3217 1268 3280 trode-

216 3320 299 3389 rent,
316 3311 504 3397 Dionysium
519 3312 774 3377 Alexandrinum
795 3314 829 3377 in
848 3314 903 3380 illa
922 3315 993 3400 ipse
1009 3315 1268 3401 Pseudo-Diony-

217 3413 309 3478 siana
323 3436 421 3499 opera
439 3414 559 3479 scholia
578 3415 810 3498 conscripsisse.
855 3418 1005 3483 Ceterum
1023 3418 1157 3481 divisum
1172 3417 1268 3483 fuisse

217 3515 278 3578 hoc
300 3537 380 3600 opus
401 3515 438 3580 dc
454 3517 583 3580 Natura
603 3518 637 3580 in
651 3517 730 3581 duos
745 3518 861 3585 saltem
880 3520 986 3595 libros,
1003 3518 1184 3603 significant
1205 3541 1268 3582 non

219 3623 347 3682 tantum
371 3617 503 3682 Eusebii
528 3620 626 3683 verba
648 3641 745 3703 sopra
767 3621 920 3697 adducta,
934 3623 990 3685 sed
1009 3630 1042 3685 et
1065 3621 1150 3683 idem
1176 3628 1268 3704 patet

219 3741 259 3783 ex
284 3718 380 3785 titulo
402 3720 517 3801 ῥήσεος
538 3721 703 3804 cujusdam
725 3722 758 3784 iu
783 3720 892 3785 codice
915 3723 1013 3786 MSto
1037 3722 1269 3789 Paratouron

218 3821 354 3887 Joancio
376 3823 535 3897 Monacbi,
556 3844 649 3907 quem
670 3823 809 3887 invenies
828 3824 914 3907 apud
940 3824 1216 3889 Montiauconium
1235 3825 1269 3889 in

222 3924 363 4007 Catobpc
385 3924 582 3989 Bibliotheca
609 3925 734 3989 Ociclic.
758 3947 789 4010 p.
809 3944 885 4010 390.
931 3923 992 3991 Est
1014 3932 1134 4005 autem,
1160 3934 1268 3993 Διονυ·

220 4027 288 4088 σίου
302 4022 405 4103 Ἀλεξ.
421 4027 490 4107 περὶ
505 4030 626 4109 φύσεως
640 4025 681 4090 o'.

265 4125 303 4188 P.
314 4143 389 4209 393.
412 4126 433 4189 l.
448 4145 498 4192 22.
521 4131 656 4209 Πότερον
679 4129 713 4192 ἔν
735 4130 801 4193 ἐστι
817 4130 890 4217 uc]
915 4128 1031 4194 Omnia
1055 4151 1125 4215 quae
1145 4128 1197 4192 hio
1223 4150 1270 4191 se·

221 4234 372 4312 quuntur‚
394 4236 513 4312 praeter
534 4230 682 4313 parvulas
697 4239 763 4294 tres
784 4231 888 4312 ῥήσεις
908 4230 1065 4295 adfinem
1089 4229 1268 4307 collocatas,

220 4328 254 4392 in
282 4327 440 4413 capitibus
469 4330 608 4416 quinque
637 4333 806 4432 postremis
835 4332 907 4398 libri
932 4332 995 4396 xiv.
1024 4328 1271 4413 Properatc'cnic
