<?xml version="1.0" encoding="UTF-8"?>
<!DOCTYPE html PUBLIC "-//W3C//DTD XHTML 1.0 Transitional//EN"
    "http://www.w3.org/TR/xhtml1/DTD/xhtml1-transitional.dtd">
<html xmlns="http://www.w3.org/1999/xhtml" xml:lang="en" lang="en">
 <head>
  <title>
</title>
<meta http-equiv="Content-Type" content="text/html;charset=utf-8" />
  <meta name='ocr-system' content='tesseract 3.04.00' />
  <meta name='ocr-capabilities' content='ocr_page ocr_carea ocr_par ocr_line ocrx_word'/>
</head>
<body>
  <div class='ocr_page' id='page_1' title='image "./reliquiaesacrae12routgoog_0238.png"; bbox 0 0 3242 5150; ppageno 0'>
   <div class='ocr_carea' id='block_1_1' title="bbox 357 339 1359 415">
    <p class='ocr_par' dir='ltr' id='par_1_1' title="bbox 357 339 1359 415">
     <span class='ocr_line' id='line_1_1' title="bbox 357 339 1359 415; baseline -0.011 -1"><span class='ocrx_word' id='word_1_1' title='bbox 357 351 422 414; x_wconf 69' lang='lat'><strong>228</strong></span> <span class='ocrx_word' id='word_1_2' title='bbox 444 343 678 415; x_wconf 83' lang='lat' dir='ltr'>JUSTELLI</span> <span class='ocrx_word' id='word_1_3' title='bbox 702 345 766 408; x_wconf 86' lang='grc' dir='ltr'><strong>ΕΤ</strong></span> <span class='ocrx_word' id='word_1_4' title='bbox 792 341 1052 408; x_wconf 80' lang='lat' dir='ltr'><strong>BEVEREGII</strong></span> <span class='ocrx_word' id='word_1_5' title='bbox 1078 339 1359 409; x_wconf 81' lang='grc' dir='ltr'>ΑΝΝΟΤΑΤΤ.</span> 
     </span>
    </p>
   </div>
   <div class='ocr_carea' id='block_1_2' title="bbox 358 510 1410 883">
    <p class='ocr_par' dir='ltr' id='par_1_2' title="bbox 358 510 1410 883">
     <span class='ocr_line' id='line_1_2' title="bbox 358 510 1407 594; baseline -0.007 -19"><span class='ocrx_word' id='word_1_6' title='bbox 358 517 453 579; x_wconf 77' lang='lat' dir='ltr'><strong>verbis</strong></span> <span class='ocrx_word' id='word_1_7' title='bbox 467 527 616 594; x_wconf 84' lang='lat' dir='ltr'><strong>conceptu,</strong></span> <span class='ocrx_word' id='word_1_8' title='bbox 632 518 742 574; x_wconf 75' lang='lat' dir='ltr'><strong>Kuedm</strong></span> <span class='ocrx_word' id='word_1_9' title='bbox 755 518 807 570; x_wconf 77' lang='grc' dir='ltr'><strong>τῶν</strong></span> <span class='ocrx_word' id='word_1_10' title='bbox 821 510 901 588; x_wconf 68' lang='lat' dir='ltr'><strong>tipice</strong></span> <span class='ocrx_word' id='word_1_11' title='bbox 914 514 1031 588; x_wconf 72' lang='grc' dir='ltr'>πατέρων</span> <span class='ocrx_word' id='word_1_12' title='bbox 1042 515 1095 568; x_wconf 69' lang='grc' dir='ltr'><strong>τῶν</strong></span> <span class='ocrx_word' id='word_1_13' title='bbox 1108 513 1137 566; x_wconf 75' lang='grc' dir='ltr'><strong>ἐν</strong></span> <span class='ocrx_word' id='word_1_14' title='bbox 1147 513 1333 584; x_wconf 70' lang='grc' dir='ltr'><strong>Νεοκαισαρεία</strong></span> <span class='ocrx_word' id='word_1_15' title='bbox 1341 533 1407 568; x_wconf 75' lang='lat' dir='ltr'><strong>nur·</strong></span> 
     </span>
     <span class='ocr_line' id='line_1_3' title="bbox 358 606 1410 688; baseline -0.001 -18"><span class='ocrx_word' id='word_1_16' title='bbox 358 615 496 678; x_wconf 74' lang='lat' dir='ltr'><strong>elddvrou,</strong></span> <span class='ocrx_word' id='word_1_17' title='bbox 514 611 645 672; x_wconf 72' lang='lat' dir='ltr'><strong>canones</strong></span> <span class='ocrx_word' id='word_1_18' title='bbox 658 616 821 670; x_wconf 81' lang='lat' dir='ltr'><strong>sanctorum</strong></span> <span class='ocrx_word' id='word_1_19' title='bbox 839 607 962 666; x_wconf 81' lang='lat' dir='ltr'><strong>Patruus</strong></span> <span class='ocrx_word' id='word_1_20' title='bbox 972 606 1023 686; x_wconf 77' lang='lat' dir='ltr'><strong>qui</strong></span> <span class='ocrx_word' id='word_1_21' title='bbox 1038 606 1228 670; x_wconf 76' lang='lat' dir='ltr'><strong>Neocaerurioe</strong></span> <span class='ocrx_word' id='word_1_22' title='bbox 1241 608 1410 688; x_wconf 72' lang='lat' dir='ltr'><strong>congregati</strong></span> 
     </span>
     <span class='ocr_line' id='line_1_4' title="bbox 358 702 1409 783; baseline -0.004 -15"><span class='ocrx_word' id='word_1_23' title='bbox 358 717 434 768; x_wconf 80' lang='lat' dir='ltr'><strong>sunt.</strong></span> <span class='ocrx_word' id='word_1_24' title='bbox 457 709 625 768; x_wconf 85' lang='lat' dir='ltr'><strong>strrnrro.</strong></span> <span class='ocrx_word' id='word_1_25' title='bbox 667 705 753 766; x_wconf 84' lang='lat' dir='ltr'><strong>Conf.</strong></span> <span class='ocrx_word' id='word_1_26' title='bbox 768 717 868 764; x_wconf 85' lang='lat' dir='ltr'><strong>notam</strong></span> <span class='ocrx_word' id='word_1_27' title='bbox 881 723 969 783; x_wconf 84' lang='lat' dir='ltr'><strong>supra</strong></span> <span class='ocrx_word' id='word_1_28' title='bbox 987 702 1025 762; x_wconf 81' lang='lat' dir='ltr'><strong>sd</strong></span> <span class='ocrx_word' id='word_1_29' title='bbox 1044 703 1256 764; x_wconf 63' lang='lat' dir='ltr'><strong>Auernus:</strong></span> <span class='ocrx_word' id='word_1_30' title='bbox 1273 704 1409 766; x_wconf 63' lang='lat' dir='ltr'><strong>Cotum.</strong></span> 
     </span>
     <span class='ocr_line' id='line_1_5' title="bbox 359 802 840 883; baseline -0.01 -19"><span class='ocrx_word' id='word_1_31' title='bbox 359 802 486 864; x_wconf 83' lang='lat' dir='ltr'><strong>secundo</strong></span> <span class='ocrx_word' id='word_1_32' title='bbox 502 805 565 864; x_wconf 90' lang='lat' dir='ltr'><strong>loco</strong></span> <span class='ocrx_word' id='word_1_33' title='bbox 580 803 715 883; x_wconf 82' lang='lat' dir='ltr'><strong>positam,</strong></span> <span class='ocrx_word' id='word_1_34' title='bbox 731 823 759 880; x_wconf 88' lang='lat' dir='ltr'><strong>p.</strong></span> <span class='ocrx_word' id='word_1_35' title='bbox 772 803 840 860; x_wconf 75' lang='lat'>128.</span> 
     </span>
    </p>
   </div>
   <div class='ocr_carea' id='block_1_3' title="bbox 783 980 985 1039">
    <p class='ocr_par' dir='ltr' id='par_1_3' title="bbox 783 980 985 1039">
     <span class='ocr_line' id='line_1_6' title="bbox 783 980 985 1039; baseline -0.005 -1"><span class='ocrx_word' id='word_1_36' title='bbox 783 980 937 1039; x_wconf 81' lang='lat' dir='ltr'>CANON</span> <span class='ocrx_word' id='word_1_37' title='bbox 958 980 985 1038; x_wconf 90' lang='grc' dir='ltr'><strong>Ι.</strong></span> 
     </span>
    </p>
   </div>
   <div class='ocr_carea' id='block_1_4' title="bbox 360 1091 1425 4360">
    <p class='ocr_par' dir='ltr' id='par_1_4' title="bbox 360 1091 1425 4360">
     <span class='ocr_line' id='line_1_7' title="bbox 401 1091 1410 1173; baseline -0.002 -19"><span class='ocrx_word' id='word_1_38' title='bbox 401 1096 436 1154; x_wconf 88' lang='grc' dir='ltr'><strong>Ρ.</strong></span> <span class='ocrx_word' id='word_1_39' title='bbox 449 1096 514 1154; x_wconf 82' lang='lat'>181.</span> <span class='ocrx_word' id='word_1_40' title='bbox 530 1095 550 1154; x_wconf 89' lang='lat'><strong>1.</strong></span> <span class='ocrx_word' id='word_1_41' title='bbox 562 1113 604 1152; x_wconf 89' lang='lat' dir='ltr'><strong>ro.</strong></span> <span class='ocrx_word' id='word_1_42' title='bbox 616 1093 943 1169; x_wconf 72' lang='grc' dir='ltr'>Πριαβίτεροτέὰνγῆμῃ]</span> <span class='ocrx_word' id='word_1_43' title='bbox 958 1091 1140 1173; x_wconf 80' lang='lat' dir='ltr'><strong>Presbyteris</strong></span> <span class='ocrx_word' id='word_1_44' title='bbox 1147 1092 1332 1155; x_wconf 85' lang='lat' dir='ltr'><strong>matrimonio</strong></span> <span class='ocrx_word' id='word_1_45' title='bbox 1340 1114 1410 1154; x_wconf 87' lang='lat' dir='ltr'><strong>con-</strong></span> 
     </span>
     <span class='ocr_line' id='line_1_8' title="bbox 360 1190 1410 1269; baseline 0.001 -20"><span class='ocrx_word' id='word_1_46' title='bbox 360 1191 501 1250; x_wconf 85' lang='lat' dir='ltr'><strong>trahendo</strong></span> <span class='ocrx_word' id='word_1_47' title='bbox 522 1192 569 1250; x_wconf 89' lang='lat' dir='ltr'><strong>hic</strong></span> <span class='ocrx_word' id='word_1_48' title='bbox 589 1191 775 1252; x_wconf 81' lang='lat' dir='ltr'><strong>interdictum</strong></span> <span class='ocrx_word' id='word_1_49' title='bbox 790 1202 845 1250; x_wconf 84' lang='lat' dir='ltr'><strong>est.</strong></span> <span class='ocrx_word' id='word_1_50' title='bbox 888 1192 938 1252; x_wconf 81' lang='lat' dir='ltr'><strong>Ex</strong></span> <span class='ocrx_word' id='word_1_51' title='bbox 951 1211 1010 1269; x_wconf 90' lang='lat' dir='ltr'><strong>quo</strong></span> <span class='ocrx_word' id='word_1_52' title='bbox 1030 1190 1187 1250; x_wconf 84' lang='lat' dir='ltr'><strong>interdicto</strong></span> <span class='ocrx_word' id='word_1_53' title='bbox 1205 1202 1338 1250; x_wconf 83' lang='lat' dir='ltr'><strong>constare</strong></span> <span class='ocrx_word' id='word_1_54' title='bbox 1356 1211 1410 1269; x_wconf 81' lang='lat' dir='ltr'><strong>po·</strong></span> 
     </span>
     <span class='ocr_line' id='line_1_9' title="bbox 362 1286 1411 1369; baseline 0.001 -22"><span class='ocrx_word' id='word_1_55' title='bbox 362 1302 429 1356; x_wconf 86' lang='lat' dir='ltr'><strong>test,</strong></span> <span class='ocrx_word' id='word_1_56' title='bbox 442 1286 598 1346; x_wconf 86' lang='lat' dir='ltr'><strong>nonnullus</strong></span> <span class='ocrx_word' id='word_1_57' title='bbox 610 1299 680 1348; x_wconf 87' lang='lat' dir='ltr'><strong>tuuc</strong></span> <span class='ocrx_word' id='word_1_58' title='bbox 695 1288 808 1348; x_wconf 82' lang='lat' dir='ltr'><strong>dierum</strong></span> <span class='ocrx_word' id='word_1_59' title='bbox 823 1291 1006 1369; x_wconf 80' lang='lat' dir='ltr'><strong>presbyteros</strong></span> <span class='ocrx_word' id='word_1_60' title='bbox 1019 1288 1142 1347; x_wconf 81' lang='lat' dir='ltr'><strong>feminas</strong></span> <span class='ocrx_word' id='word_1_61' title='bbox 1155 1288 1211 1346; x_wconf 92' lang='lat' dir='ltr'><strong>sibi</strong></span> <span class='ocrx_word' id='word_1_62' title='bbox 1224 1288 1411 1350; x_wconf 87' lang='lat' dir='ltr'><strong>matrimonio</strong></span> 
     </span>
     <span class='ocr_line' id='line_1_10' title="bbox 361 1385 1409 1466; baseline -0.003 -22"><span class='ocrx_word' id='word_1_63' title='bbox 361 1386 562 1464; x_wconf 85' lang='lat' dir='ltr'><strong>conjunxisse:</strong></span> <span class='ocrx_word' id='word_1_64' title='bbox 586 1385 670 1444; x_wconf 88' lang='lat' dir='ltr'><strong>aliter</strong></span> <span class='ocrx_word' id='word_1_65' title='bbox 684 1387 762 1448; x_wconf 87' lang='lat' dir='ltr'><strong>enim</strong></span> <span class='ocrx_word' id='word_1_66' title='bbox 776 1407 837 1446; x_wconf 92' lang='lat' dir='ltr'><strong>nou</strong></span> <span class='ocrx_word' id='word_1_67' title='bbox 850 1407 926 1466; x_wconf 92' lang='lat' dir='ltr'><strong>opus</strong></span> <span class='ocrx_word' id='word_1_68' title='bbox 939 1386 1053 1452; x_wconf 80' lang='lat' dir='ltr'><strong>fuisset,</strong></span> <span class='ocrx_word' id='word_1_69' title='bbox 1068 1396 1103 1443; x_wconf 91' lang='lat' dir='ltr'><strong>ut</strong></span> <span class='ocrx_word' id='word_1_70' title='bbox 1120 1386 1176 1444; x_wconf 87' lang='lat' dir='ltr'><strong>hoc</strong></span> <span class='ocrx_word' id='word_1_71' title='bbox 1194 1385 1409 1463; x_wconf 76' lang='lat' dir='ltr'><strong>prohiberetur.</strong></span> 
     </span>
     <span class='ocr_line' id='line_1_11' title="bbox 361 1481 1411 1561; baseline -0.003 -21"><span class='ocrx_word' id='word_1_72' title='bbox 361 1481 421 1542; x_wconf 88' lang='lat' dir='ltr'><strong>Sed</strong></span> <span class='ocrx_word' id='word_1_73' title='bbox 436 1481 648 1541; x_wconf 83' lang='lat' dir='ltr'><strong>observandum</strong></span> <span class='ocrx_word' id='word_1_74' title='bbox 662 1494 707 1542; x_wconf 83' lang='lat' dir='ltr'><strong>cst</strong></span> <span class='ocrx_word' id='word_1_75' title='bbox 721 1493 871 1561; x_wconf 77' lang='lat' dir='ltr'><strong>praterea,</strong></span> <span class='ocrx_word' id='word_1_76' title='bbox 886 1484 942 1544; x_wconf 84' lang='lat' dir='ltr'><strong>hoc</strong></span> <span class='ocrx_word' id='word_1_77' title='bbox 954 1501 1064 1544; x_wconf 86' lang='lat' dir='ltr'><strong>canona</strong></span> <span class='ocrx_word' id='word_1_78' title='bbox 1085 1501 1144 1541; x_wconf 91' lang='lat' dir='ltr'><strong>uon</strong></span> <span class='ocrx_word' id='word_1_79' title='bbox 1154 1490 1272 1540; x_wconf 84' lang='lat' dir='ltr'><strong>cautum</strong></span> <span class='ocrx_word' id='word_1_80' title='bbox 1287 1501 1359 1550; x_wconf 85' lang='lat' dir='ltr'><strong>csse,</strong></span> <span class='ocrx_word' id='word_1_81' title='bbox 1372 1500 1411 1538; x_wconf 87' lang='lat' dir='ltr'><strong>ns</strong></span> 
     </span>
     <span class='ocr_line' id='line_1_12' title="bbox 363 1577 1414 1658; baseline -0.004 -20"><span class='ocrx_word' id='word_1_82' title='bbox 363 1578 524 1658; x_wconf 83' lang='lat' dir='ltr'><strong>presbyteri</strong></span> <span class='ocrx_word' id='word_1_83' title='bbox 537 1598 644 1638; x_wconf 81' lang='lat' dir='ltr'><strong>uxores</strong></span> <span class='ocrx_word' id='word_1_84' title='bbox 654 1599 721 1638; x_wconf 88' lang='lat' dir='ltr'><strong>suas</strong></span> <span class='ocrx_word' id='word_1_85' title='bbox 732 1591 800 1639; x_wconf 85' lang='lat' dir='ltr'><strong>ante</strong></span> <span class='ocrx_word' id='word_1_86' title='bbox 811 1580 1023 1639; x_wconf 79' lang='lat' dir='ltr'><strong>ordinationem</strong></span> <span class='ocrx_word' id='word_1_87' title='bbox 1033 1579 1137 1638; x_wconf 82' lang='lat' dir='ltr'><strong>ductas</strong></span> <span class='ocrx_word' id='word_1_88' title='bbox 1150 1577 1300 1645; x_wconf 84' lang='lat' dir='ltr'><strong>haherent,</strong></span> <span class='ocrx_word' id='word_1_89' title='bbox 1314 1577 1360 1635; x_wconf 83' lang='lat' dir='ltr'><strong>vel</strong></span> <span class='ocrx_word' id='word_1_90' title='bbox 1373 1577 1414 1639; x_wconf 84' lang='lat' dir='ltr'><strong>iis</strong></span> 
     </span>
     <span class='ocr_line' id='line_1_13' title="bbox 362 1674 1410 1755; baseline -0.002 -21"><span class='ocrx_word' id='word_1_91' title='bbox 362 1686 516 1734; x_wconf 86' lang='lat' dir='ltr'><strong>uterentur</strong></span> <span class='ocrx_word' id='word_1_92' title='bbox 525 1698 534 1744; x_wconf 90' lang='lat'>;</span> <span class='ocrx_word' id='word_1_93' title='bbox 556 1674 608 1734; x_wconf 88' lang='lat' dir='ltr'><strong>sed</strong></span> <span class='ocrx_word' id='word_1_94' title='bbox 624 1687 738 1735; x_wconf 89' lang='lat' dir='ltr'><strong>tantum</strong></span> <span class='ocrx_word' id='word_1_95' title='bbox 758 1696 796 1734; x_wconf 89' lang='lat' dir='ltr'><strong>nc</strong></span> <span class='ocrx_word' id='word_1_96' title='bbox 820 1687 920 1755; x_wconf 85' lang='lat' dir='ltr'><strong>postea</strong></span> <span class='ocrx_word' id='word_1_97' title='bbox 938 1677 1055 1736; x_wconf 89' lang='lat' dir='ltr'><strong>ducant.</strong></span> <span class='ocrx_word' id='word_1_98' title='bbox 1098 1676 1211 1735; x_wconf 86' lang='lat' dir='ltr'><strong>Dicunt</strong></span> <span class='ocrx_word' id='word_1_99' title='bbox 1224 1674 1313 1740; x_wconf 78' lang='lat' dir='ltr'><strong>anim,</strong></span> <span class='ocrx_word' id='word_1_100' title='bbox 1326 1697 1410 1748; x_wconf 79' lang='grc' dir='ltr'>τρεσ-</span> 
     </span>
     <span class='ocr_line' id='line_1_14' title="bbox 361 1770 1410 1851; baseline 0 -23"><span class='ocrx_word' id='word_1_101' title='bbox 361 1771 470 1846; x_wconf 75' lang='grc' dir='ltr'>βύτερος</span> <span class='ocrx_word' id='word_1_102' title='bbox 484 1774 529 1830; x_wconf 77' lang='lat' dir='ltr'><strong>e&#39;dr</strong></span> <span class='ocrx_word' id='word_1_103' title='bbox 547 1773 625 1845; x_wconf 67' lang='grc' dir='ltr'>γήμῃ,</span> <span class='ocrx_word' id='word_1_104' title='bbox 669 1771 749 1850; x_wconf 76' lang='lat' dir='ltr'><strong>Ergo</strong></span> <span class='ocrx_word' id='word_1_105' title='bbox 763 1772 800 1831; x_wconf 85' lang='lat' dir='ltr'><strong>do</strong></span> <span class='ocrx_word' id='word_1_106' title='bbox 818 1773 994 1851; x_wconf 82' lang='lat' dir='ltr'><strong>preshyteris</strong></span> <span class='ocrx_word' id='word_1_107' title='bbox 1011 1773 1072 1849; x_wconf 88' lang='lat' dir='ltr'><strong>jam</strong></span> <span class='ocrx_word' id='word_1_108' title='bbox 1091 1770 1242 1841; x_wconf 87' lang='lat' dir='ltr'><strong>ordinatis,</strong></span> <span class='ocrx_word' id='word_1_109' title='bbox 1257 1781 1288 1830; x_wconf 86' lang='lat' dir='ltr'><strong>et</strong></span> <span class='ocrx_word' id='word_1_110' title='bbox 1308 1770 1410 1830; x_wconf 82' lang='lat' dir='ltr'><strong>matri·</strong></span> 
     </span>
     <span class='ocr_line' id='line_1_15' title="bbox 364 1867 1409 1947; baseline 0 -21"><span class='ocrx_word' id='word_1_111' title='bbox 364 1870 493 1926; x_wconf 89' lang='lat' dir='ltr'><strong>monium</strong></span> <span class='ocrx_word' id='word_1_112' title='bbox 508 1878 609 1944; x_wconf 82' lang='lat' dir='ltr'><strong>postea</strong></span> <span class='ocrx_word' id='word_1_113' title='bbox 622 1867 792 1928; x_wconf 87' lang='lat' dir='ltr'><strong>ineuntibus</strong></span> <span class='ocrx_word' id='word_1_114' title='bbox 805 1878 904 1946; x_wconf 83' lang='lat' dir='ltr'><strong>agunt.</strong></span> <span class='ocrx_word' id='word_1_115' title='bbox 947 1869 1063 1929; x_wconf 80' lang='lat' dir='ltr'><strong>Dehas</strong></span> <span class='ocrx_word' id='word_1_116' title='bbox 1075 1890 1107 1928; x_wconf 86' lang='lat' dir='ltr'><strong>re</strong></span> <span class='ocrx_word' id='word_1_117' title='bbox 1123 1869 1308 1947; x_wconf 77' lang='lat' dir='ltr'>Paphnutius</span> <span class='ocrx_word' id='word_1_118' title='bbox 1321 1867 1409 1926; x_wconf 82' lang='lat' dir='ltr'><strong>etiam</strong></span> 
     </span>
     <span class='ocr_line' id='line_1_16' title="bbox 363 1961 1413 2043; baseline 0.001 -23"><span class='ocrx_word' id='word_1_119' title='bbox 363 1965 392 2021; x_wconf 89' lang='lat' dir='ltr'><strong>in</strong></span> <span class='ocrx_word' id='word_1_120' title='bbox 418 1964 541 2022; x_wconf 78' lang='lat' dir='ltr'><strong>Nicaeno</strong></span> <span class='ocrx_word' id='word_1_121' title='bbox 567 1961 699 2022; x_wconf 81' lang='lat' dir='ltr'><strong>Concilio</strong></span> <span class='ocrx_word' id='word_1_122' title='bbox 723 1964 808 2024; x_wconf 87' lang='lat' dir='ltr'><strong>docte</strong></span> <span class='ocrx_word' id='word_1_123' title='bbox 836 1965 942 2043; x_wconf 85' lang='lat' dir='ltr'><strong>pieque</strong></span> <span class='ocrx_word' id='word_1_124' title='bbox 968 1964 1115 2025; x_wconf 72' lang='lat' dir='ltr'><strong>disseruit.</strong></span> <span class='ocrx_word' id='word_1_125' title='bbox 1158 1967 1234 2024; x_wconf 81' lang='lat' dir='ltr'><strong>Cum</strong></span> <span class='ocrx_word' id='word_1_126' title='bbox 1261 1963 1413 2023; x_wconf 71' lang='lat' dir='ltr'><strong>nonnullis</strong></span> 
     </span>
     <span class='ocr_line' id='line_1_17' title="bbox 363 2060 1410 2140; baseline 0.003 -22"><span class='ocrx_word' id='word_1_127' title='bbox 363 2061 440 2118; x_wconf 84' lang='lat' dir='ltr'><strong>euim</strong></span> <span class='ocrx_word' id='word_1_128' title='bbox 459 2061 499 2118; x_wconf 92' lang='lat' dir='ltr'><strong>ihi</strong></span> <span class='ocrx_word' id='word_1_129' title='bbox 514 2060 696 2138; x_wconf 77' lang='lat' dir='ltr'><strong>congregatis</strong></span> <span class='ocrx_word' id='word_1_130' title='bbox 710 2060 854 2140; x_wconf 85' lang='lat' dir='ltr'><strong>episcopis</strong></span> <span class='ocrx_word' id='word_1_131' title='bbox 868 2062 960 2120; x_wconf 85' lang='lat' dir='ltr'><strong>risum</strong></span> <span class='ocrx_word' id='word_1_132' title='bbox 980 2073 1067 2129; x_wconf 85' lang='lat' dir='ltr'><strong>esset,</strong></span> <span class='ocrx_word' id='word_1_133' title='bbox 1082 2083 1187 2121; x_wconf 83' lang='lat' dir='ltr'><strong>noram</strong></span> <span class='ocrx_word' id='word_1_134' title='bbox 1206 2062 1299 2140; x_wconf 80' lang='lat' dir='ltr'><strong>legem</strong></span> <span class='ocrx_word' id='word_1_135' title='bbox 1318 2062 1349 2119; x_wconf 89' lang='lat' dir='ltr'><strong>in</strong></span> <span class='ocrx_word' id='word_1_136' title='bbox 1362 2081 1410 2121; x_wconf 86' lang='lat' dir='ltr'><strong>cc·</strong></span> 
     </span>
     <span class='ocr_line' id='line_1_18' title="bbox 363 2155 1409 2238; baseline 0.002 -24"><span class='ocrx_word' id='word_1_137' title='bbox 363 2155 478 2215; x_wconf 84' lang='lat' dir='ltr'><strong>alesiam</strong></span> <span class='ocrx_word' id='word_1_138' title='bbox 499 2156 694 2224; x_wconf 71' lang='lat' dir='ltr'><strong>introducere,</strong></span> <span class='ocrx_word' id='word_1_139' title='bbox 709 2167 743 2214; x_wconf 93' lang='lat' dir='ltr'><strong>ut</strong></span> <span class='ocrx_word' id='word_1_140' title='bbox 763 2156 903 2236; x_wconf 82' lang='lat' dir='ltr'><strong>episcopi,</strong></span> <span class='ocrx_word' id='word_1_141' title='bbox 916 2159 1087 2238; x_wconf 83' lang='lat' dir='ltr'><strong>presbyteri,</strong></span> <span class='ocrx_word' id='word_1_142' title='bbox 1102 2169 1133 2218; x_wconf 86' lang='lat' dir='ltr'><strong>ct</strong></span> <span class='ocrx_word' id='word_1_143' title='bbox 1151 2157 1265 2222; x_wconf 76' lang='lat' dir='ltr'><strong>diaconi</strong></span> <span class='ocrx_word' id='word_1_144' title='bbox 1282 2157 1319 2214; x_wconf 83' lang='lat' dir='ltr'><strong>ah</strong></span> <span class='ocrx_word' id='word_1_145' title='bbox 1337 2176 1409 2216; x_wconf 76' lang='lat' dir='ltr'><strong>uxo·</strong></span> 
     </span>
     <span class='ocr_line' id='line_1_19' title="bbox 364 2251 1410 2329; baseline 0.001 -20"><span class='ocrx_word' id='word_1_146' title='bbox 364 2271 439 2320; x_wconf 89' lang='lat' dir='ltr'><strong>rum,</strong></span> <span class='ocrx_word' id='word_1_147' title='bbox 454 2271 526 2329; x_wconf 83' lang='lat' dir='ltr'><strong>quas</strong></span> <span class='ocrx_word' id='word_1_148' title='bbox 539 2272 604 2311; x_wconf 91' lang='lat' dir='ltr'><strong>cum</strong></span> <span class='ocrx_word' id='word_1_149' title='bbox 627 2251 692 2312; x_wconf 85' lang='lat' dir='ltr'><strong>luici</strong></span> <span class='ocrx_word' id='word_1_150' title='bbox 708 2264 804 2314; x_wconf 86' lang='lat' dir='ltr'><strong>esseut</strong></span> <span class='ocrx_word' id='word_1_151' title='bbox 827 2254 1011 2313; x_wconf 87' lang='lat' dir='ltr'><strong>matrimonio</strong></span> <span class='ocrx_word' id='word_1_152' title='bbox 1024 2255 1080 2314; x_wconf 91' lang='lat' dir='ltr'><strong>sibi</strong></span> <span class='ocrx_word' id='word_1_153' title='bbox 1100 2254 1291 2320; x_wconf 81' lang='lat' dir='ltr'><strong>sociaverant,</strong></span> <span class='ocrx_word' id='word_1_154' title='bbox 1304 2272 1410 2313; x_wconf 88' lang='lat' dir='ltr'><strong>coucu-</strong></span> 
     </span>
     <span class='ocr_line' id='line_1_20' title="bbox 364 2347 1412 2429; baseline 0 -21"><span class='ocrx_word' id='word_1_155' title='bbox 364 2347 428 2408; x_wconf 90' lang='lat' dir='ltr'><strong>bitu</strong></span> <span class='ocrx_word' id='word_1_156' title='bbox 442 2348 643 2420; x_wconf 83' lang='lat' dir='ltr'><strong>abstinerent3</strong></span> <span class='ocrx_word' id='word_1_157' title='bbox 668 2350 854 2429; x_wconf 80' lang='lat' dir='ltr'><strong>Paphnutius</strong></span> <span class='ocrx_word' id='word_1_158' title='bbox 867 2351 899 2410; x_wconf 90' lang='lat' dir='ltr'><strong>in</strong></span> <span class='ocrx_word' id='word_1_159' title='bbox 912 2351 1009 2410; x_wconf 80' lang='lat' dir='ltr'><strong>medio</strong></span> <span class='ocrx_word' id='word_1_160' title='bbox 1026 2351 1150 2411; x_wconf 86' lang='lat' dir='ltr'><strong>concilio</strong></span> <span class='ocrx_word' id='word_1_161' title='bbox 1167 2371 1297 2429; x_wconf 83' lang='lat' dir='ltr'><strong>surgens,</strong></span> <span class='ocrx_word' id='word_1_162' title='bbox 1311 2350 1412 2408; x_wconf 88' lang='lat' dir='ltr'><strong>admo-</strong></span> 
     </span>
     <span class='ocr_line' id='line_1_21' title="bbox 364 2445 1412 2526; baseline 0 -20"><span class='ocrx_word' id='word_1_163' title='bbox 364 2447 461 2517; x_wconf 84' lang='lat' dir='ltr'><strong>uebat,</strong></span> <span class='ocrx_word' id='word_1_164' title='bbox 472 2467 560 2525; x_wconf 77' lang='lat' dir='ltr'><strong>grava</strong></span> <span class='ocrx_word' id='word_1_165' title='bbox 574 2447 629 2508; x_wconf 84' lang='lat' dir='ltr'><strong>boc</strong></span> <span class='ocrx_word' id='word_1_166' title='bbox 640 2447 745 2526; x_wconf 78' lang='lat' dir='ltr'><strong>jugum</strong></span> <span class='ocrx_word' id='word_1_167' title='bbox 765 2448 964 2508; x_wconf 84' lang='lat' dir='ltr'><strong>sacerdotibus</strong></span> <span class='ocrx_word' id='word_1_168' title='bbox 978 2469 1037 2506; x_wconf 92' lang='lat' dir='ltr'><strong>non</strong></span> <span class='ocrx_word' id='word_1_169' title='bbox 1053 2447 1259 2524; x_wconf 81' lang='lat' dir='ltr'><strong>imponendum</strong></span> <span class='ocrx_word' id='word_1_170' title='bbox 1274 2467 1348 2512; x_wconf 77' lang='lat' dir='ltr'><strong>esse.</strong></span> <span class='ocrx_word' id='word_1_171' title='bbox 1360 2445 1412 2506; x_wconf 83' lang='lat' dir='ltr'><strong>sd-</strong></span> 
     </span>
     <span class='ocr_line' id='line_1_22' title="bbox 365 2541 1410 2625; baseline -0.003 -22"><span class='ocrx_word' id='word_1_172' title='bbox 365 2543 445 2614; x_wconf 85' lang='lat' dir='ltr'><strong>dens,</strong></span> <span class='ocrx_word' id='word_1_173' title='bbox 460 2543 644 2605; x_wconf 76' lang='lat' dir='ltr'><strong>honorabiles</strong></span> <span class='ocrx_word' id='word_1_174' title='bbox 664 2565 726 2605; x_wconf 87' lang='lat' dir='ltr'><strong>csse</strong></span> <span class='ocrx_word' id='word_1_175' title='bbox 748 2546 867 2625; x_wconf 79' lang='lat' dir='ltr'><strong>nuptias</strong></span> <span class='ocrx_word' id='word_1_176' title='bbox 886 2556 917 2604; x_wconf 87' lang='lat' dir='ltr'><strong>ct</strong></span> <span class='ocrx_word' id='word_1_177' title='bbox 937 2556 1035 2605; x_wconf 89' lang='lat' dir='ltr'><strong>torum</strong></span> <span class='ocrx_word' id='word_1_178' title='bbox 1055 2543 1282 2613; x_wconf 85' lang='lat' dir='ltr'><strong>immaculatum,</strong></span> <span class='ocrx_word' id='word_1_179' title='bbox 1299 2542 1331 2601; x_wconf 92' lang='lat' dir='ltr'><strong>in</strong></span> <span class='ocrx_word' id='word_1_180' title='bbox 1352 2541 1410 2601; x_wconf 86' lang='lat' dir='ltr'><strong>cle·</strong></span> 
     </span>
     <span class='ocr_line' id='line_1_23' title="bbox 364 2640 1410 2719; baseline 0 -20"><span class='ocrx_word' id='word_1_181' title='bbox 364 2641 432 2701; x_wconf 85' lang='lat' dir='ltr'><strong>riuis</strong></span> <span class='ocrx_word' id='word_1_182' title='bbox 447 2641 584 2700; x_wconf 86' lang='lat' dir='ltr'><strong>nimirum</strong></span> <span class='ocrx_word' id='word_1_183' title='bbox 600 2662 682 2719; x_wconf 77' lang='lat' dir='ltr'><strong>nque</strong></span> <span class='ocrx_word' id='word_1_184' title='bbox 695 2663 728 2701; x_wconf 87' lang='lat' dir='ltr'><strong>ac</strong></span> <span class='ocrx_word' id='word_1_185' title='bbox 743 2643 832 2709; x_wconf 86' lang='lat' dir='ltr'><strong>laicis,</strong></span> <span class='ocrx_word' id='word_1_186' title='bbox 849 2642 899 2716; x_wconf 89' lang='lat' dir='ltr'><strong>(de</strong></span> <span class='ocrx_word' id='word_1_187' title='bbox 911 2642 947 2700; x_wconf 88' lang='lat' dir='ltr'><strong>iis</strong></span> <span class='ocrx_word' id='word_1_188' title='bbox 961 2642 1038 2700; x_wconf 82' lang='lat' dir='ltr'><strong>enim</strong></span> <span class='ocrx_word' id='word_1_189' title='bbox 1049 2641 1244 2700; x_wconf 84' lang='lat' dir='ltr'><strong>controversia</strong></span> <span class='ocrx_word' id='word_1_190' title='bbox 1256 2640 1410 2718; x_wconf 77' lang='lat' dir='ltr'><strong>agebatur)</strong></span> 
     </span>
     <span class='ocr_line' id='line_1_24' title="bbox 364 2735 1411 2818; baseline -0.004 -21"><span class='ocrx_word' id='word_1_191' title='bbox 364 2760 465 2798; x_wconf 89' lang='lat' dir='ltr'><strong>omnes</strong></span> <span class='ocrx_word' id='word_1_192' title='bbox 489 2740 576 2797; x_wconf 81' lang='lat' dir='ltr'><strong>etiam</strong></span> <span class='ocrx_word' id='word_1_193' title='bbox 608 2759 666 2798; x_wconf 88' lang='lat' dir='ltr'><strong>uon</strong></span> <span class='ocrx_word' id='word_1_194' title='bbox 697 2758 781 2818; x_wconf 85' lang='lat' dir='ltr'><strong>posse</strong></span> <span class='ocrx_word' id='word_1_195' title='bbox 806 2749 866 2798; x_wconf 89' lang='lat' dir='ltr'><strong>tam</strong></span> <span class='ocrx_word' id='word_1_196' title='bbox 890 2759 996 2798; x_wconf 83' lang='lat' dir='ltr'><strong>serene</strong></span> <span class='ocrx_word' id='word_1_197' title='bbox 1020 2738 1206 2797; x_wconf 77' lang='lat' dir='ltr'><strong>continentias</strong></span> <span class='ocrx_word' id='word_1_198' title='bbox 1229 2735 1411 2815; x_wconf 80' lang='lat' dir='ltr'><strong>disciplinam</strong></span> 
     </span>
     <span class='ocr_line' id='line_1_25' title="bbox 367 2832 1412 2911; baseline -0.004 -18"><span class='ocrx_word' id='word_1_199' title='bbox 367 2835 445 2895; x_wconf 85' lang='lat' dir='ltr'><strong>ferro</strong></span> <span class='ocrx_word' id='word_1_200' title='bbox 453 2857 462 2905; x_wconf 88' lang='lat'>;</span> <span class='ocrx_word' id='word_1_201' title='bbox 482 2845 513 2893; x_wconf 87' lang='lat' dir='ltr'><strong>et</strong></span> <span class='ocrx_word' id='word_1_202' title='bbox 525 2846 699 2893; x_wconf 83' lang='lat' dir='ltr'><strong>eventurum</strong></span> <span class='ocrx_word' id='word_1_203' title='bbox 714 2854 776 2894; x_wconf 81' lang='lat' dir='ltr'><strong>asse</strong></span> <span class='ocrx_word' id='word_1_204' title='bbox 790 2835 922 2900; x_wconf 85' lang='lat' dir='ltr'><strong>forsitan,</strong></span> <span class='ocrx_word' id='word_1_205' title='bbox 937 2846 971 2893; x_wconf 91' lang='lat' dir='ltr'><strong>ut</strong></span> <span class='ocrx_word' id='word_1_206' title='bbox 985 2834 1083 2893; x_wconf 85' lang='lat' dir='ltr'><strong>uxoris</strong></span> <span class='ocrx_word' id='word_1_207' title='bbox 1096 2834 1237 2911; x_wconf 87' lang='lat' dir='ltr'><strong>cujusque</strong></span> <span class='ocrx_word' id='word_1_208' title='bbox 1251 2833 1367 2891; x_wconf 87' lang='lat' dir='ltr'><strong>castitas</strong></span> <span class='ocrx_word' id='word_1_209' title='bbox 1381 2832 1412 2889; x_wconf 92' lang='lat' dir='ltr'><strong>in</strong></span> 
     </span>
     <span class='ocr_line' id='line_1_26' title="bbox 366 2928 1412 3008; baseline -0.001 -22"><span class='ocrx_word' id='word_1_210' title='bbox 366 2930 527 3008; x_wconf 85' lang='lat' dir='ltr'><strong>periculum</strong></span> <span class='ocrx_word' id='word_1_211' title='bbox 548 2929 671 2989; x_wconf 83' lang='lat' dir='ltr'><strong>reniret.</strong></span> <span class='ocrx_word' id='word_1_212' title='bbox 694 2930 886 2989; x_wconf 86' lang='lat' dir='ltr'><strong>·Csstitatem</strong></span> <span class='ocrx_word' id='word_1_213' title='bbox 904 2930 981 2988; x_wconf 85' lang='lat' dir='ltr'><strong>enim</strong></span> <span class='ocrx_word' id='word_1_214' title='bbox 1002 2949 1063 2988; x_wconf 79' lang='lat' dir='ltr'><strong>esse</strong></span> <span class='ocrx_word' id='word_1_215' title='bbox 1077 2950 1260 3007; x_wconf 83' lang='lat' dir='ltr'><strong>congressum</strong></span> <span class='ocrx_word' id='word_1_216' title='bbox 1277 2928 1412 2987; x_wconf 82' lang='lat' dir='ltr'><strong>virinum</strong></span> 
     </span>
     <span class='ocr_line' id='line_1_27' title="bbox 365 3024 1414 3103; baseline 0.002 -22"><span class='ocrx_word' id='word_1_217' title='bbox 365 3024 496 3103; x_wconf 83' lang='lat' dir='ltr'><strong>legitima</strong></span> <span class='ocrx_word' id='word_1_218' title='bbox 521 3045 622 3089; x_wconf 82' lang='lat' dir='ltr'><strong>uxore.</strong></span> <span class='ocrx_word' id='word_1_219' title='bbox 666 3026 708 3086; x_wconf 79' lang='lat' dir='ltr'><strong>Et</strong></span> <span class='ocrx_word' id='word_1_220' title='bbox 727 3025 833 3086; x_wconf 85' lang='lat' dir='ltr'><strong>deinde</strong></span> <span class='ocrx_word' id='word_1_221' title='bbox 857 3025 999 3103; x_wconf 82' lang='lat' dir='ltr'><strong>synodum</strong></span> <span class='ocrx_word' id='word_1_222' title='bbox 1024 3025 1308 3089; x_wconf 78' lang='lat' dir='ltr'><strong>commonefaciebat,</strong></span> <span class='ocrx_word' id='word_1_223' title='bbox 1332 3025 1414 3083; x_wconf 78' lang='lat' dir='ltr'><strong>Satis</strong></span> 
     </span>
     <span class='ocr_line' id='line_1_28' title="bbox 366 3120 1414 3201; baseline -0.001 -21"><span class='ocrx_word' id='word_1_224' title='bbox 366 3128 478 3180; x_wconf 81' lang='lat' dir='ltr'><strong>esseut</strong></span> <span class='ocrx_word' id='word_1_225' title='bbox 499 3120 549 3199; x_wconf 86' lang='lat' dir='ltr'><strong>qui</strong></span> <span class='ocrx_word' id='word_1_226' title='bbox 570 3120 599 3179; x_wconf 83' lang='lat' dir='ltr'><strong>iu</strong></span> <span class='ocrx_word' id='word_1_227' title='bbox 617 3121 722 3180; x_wconf 79' lang='lat' dir='ltr'><strong>clerum</strong></span> <span class='ocrx_word' id='word_1_228' title='bbox 733 3120 866 3201; x_wconf 83' lang='lat' dir='ltr'><strong>fuissent</strong></span> <span class='ocrx_word' id='word_1_229' title='bbox 887 3120 1038 3199; x_wconf 80' lang='lat' dir='ltr'><strong>adscripti,</strong></span> <span class='ocrx_word' id='word_1_230' title='bbox 1052 3124 1145 3199; x_wconf 75' lang='lat' dir='ltr'><strong>justo</strong></span> <span class='ocrx_word' id='word_1_231' title='bbox 1160 3129 1277 3179; x_wconf 62' lang='lat' dir='ltr'><strong>cetaem</strong></span> <span class='ocrx_word' id='word_1_232' title='bbox 1290 3120 1414 3179; x_wconf 78' lang='lat' dir='ltr'><strong>ecclesie</strong></span> 
     </span>
     <span class='ocr_line' id='line_1_29' title="bbox 366 3217 1412 3297; baseline 0.004 -22"><span class='ocrx_word' id='word_1_233' title='bbox 366 3217 558 3285; x_wconf 82' lang='lat' dir='ltr'><strong>traditionem,</strong></span> <span class='ocrx_word' id='word_1_234' title='bbox 564 3221 633 3295; x_wconf 84' lang='lat' dir='ltr'><strong>jam</strong></span> <span class='ocrx_word' id='word_1_235' title='bbox 648 3239 702 3276; x_wconf 84' lang='lat' dir='ltr'><strong>nou</strong></span> <span class='ocrx_word' id='word_1_236' title='bbox 714 3218 838 3297; x_wconf 80' lang='lat' dir='ltr'><strong>amplius</strong></span> <span class='ocrx_word' id='word_1_237' title='bbox 849 3238 950 3277; x_wconf 73' lang='lat' dir='ltr'><strong>uxores</strong></span> <span class='ocrx_word' id='word_1_238' title='bbox 966 3218 1123 3284; x_wconf 70' lang='lat' dir='ltr'><strong>ducerent:</strong></span> <span class='ocrx_word' id='word_1_239' title='bbox 1146 3228 1304 3278; x_wconf 81' lang='lat' dir='ltr'><strong>nontamen</strong></span> <span class='ocrx_word' id='word_1_240' title='bbox 1318 3239 1412 3297; x_wconf 63' lang='lat' dir='ltr'><strong>queem</strong></span> 
     </span>
     <span class='ocr_line' id='line_1_30' title="bbox 366 3314 1411 3395; baseline 0.005 -24"><span class='ocrx_word' id='word_1_241' title='bbox 366 3334 449 3394; x_wconf 83' lang='lat' dir='ltr'><strong>quum</strong></span> <span class='ocrx_word' id='word_1_242' title='bbox 470 3314 675 3393; x_wconf 81' lang='lat' dir='ltr'><strong>sejungendum</strong></span> <span class='ocrx_word' id='word_1_243' title='bbox 699 3336 760 3373; x_wconf 84' lang='lat' dir='ltr'><strong>esse</strong></span> <span class='ocrx_word' id='word_1_244' title='bbox 783 3315 821 3373; x_wconf 83' lang='lat' dir='ltr'><strong>ab</strong></span> <span class='ocrx_word' id='word_1_245' title='bbox 843 3337 887 3382; x_wconf 87' lang='lat' dir='ltr'><strong>eu,</strong></span> <span class='ocrx_word' id='word_1_246' title='bbox 903 3336 987 3395; x_wconf 76' lang='lat' dir='ltr'><strong>quom</strong></span> <span class='ocrx_word' id='word_1_247' title='bbox 1009 3315 1131 3373; x_wconf 71' lang='lat' dir='ltr'><strong>antehac</strong></span> <span class='ocrx_word' id='word_1_248' title='bbox 1144 3336 1206 3373; x_wconf 88' lang='lat' dir='ltr'><strong>cum</strong></span> <span class='ocrx_word' id='word_1_249' title='bbox 1221 3324 1292 3374; x_wconf 83' lang='lat' dir='ltr'><strong>esset</strong></span> <span class='ocrx_word' id='word_1_250' title='bbox 1309 3316 1411 3383; x_wconf 75' lang='lat' dir='ltr'><strong>laicus,</strong></span> 
     </span>
     <span class='ocr_line' id='line_1_31' title="bbox 366 3410 1414 3487; baseline 0 -18"><span class='ocrx_word' id='word_1_251' title='bbox 366 3411 488 3487; x_wconf 76' lang='lat' dir='ltr'><strong>legitime</strong></span> <span class='ocrx_word' id='word_1_252' title='bbox 506 3410 643 3480; x_wconf 70' lang='lat' dir='ltr'><strong>elusisset,</strong></span> <span class='ocrx_word' id='word_1_253' title='bbox 658 3415 806 3485; x_wconf 81' lang='grc' dir='ltr'>Ἀρκεῑσθαι</span> <span class='ocrx_word' id='word_1_254' title='bbox 824 3415 854 3469; x_wconf 82' lang='grc' dir='ltr'><strong>τὸ</strong></span> <span class='ocrx_word' id='word_1_255' title='bbox 873 3415 919 3468; x_wconf 78' lang='grc' dir='ltr'><strong>τὸν</strong></span> <span class='ocrx_word' id='word_1_256' title='bbox 938 3415 1078 3482; x_wconf 75' lang='grc' dir='ltr'>φθάσαντα</span> <span class='ocrx_word' id='word_1_257' title='bbox 1095 3412 1192 3487; x_wconf 71' lang='grc' dir='ltr'>κλήρου</span> <span class='ocrx_word' id='word_1_258' title='bbox 1211 3417 1308 3485; x_wconf 76' lang='grc' dir='ltr'>τυχεῖν,</span> <span class='ocrx_word' id='word_1_259' title='bbox 1324 3414 1414 3484; x_wconf 65' lang='lat' dir='ltr'><strong>punire</strong></span> 
     </span>
     <span class='ocr_line' id='line_1_32' title="bbox 365 3506 1414 3583; baseline 0.001 -18"><span class='ocrx_word' id='word_1_260' title='bbox 365 3512 409 3565; x_wconf 72' lang='grc' dir='ltr'><strong>ἐπὶ</strong></span> <span class='ocrx_word' id='word_1_261' title='bbox 427 3510 511 3582; x_wconf 80' lang='grc' dir='ltr'>γάμον</span> <span class='ocrx_word' id='word_1_262' title='bbox 530 3506 661 3582; x_wconf 75' lang='grc' dir='ltr'>ἔρχεσθαι,</span> <span class='ocrx_word' id='word_1_263' title='bbox 677 3513 740 3567; x_wconf 73' lang='grc' dir='ltr'>κατὰ</span> <span class='ocrx_word' id='word_1_264' title='bbox 762 3512 809 3581; x_wconf 77' lang='grc' dir='ltr'><strong>τὴν</strong></span> <span class='ocrx_word' id='word_1_265' title='bbox 830 3513 876 3580; x_wconf 76' lang='grc' dir='ltr'><strong>τῆς</strong></span> <span class='ocrx_word' id='word_1_266' title='bbox 893 3510 1030 3580; x_wconf 72' lang='grc' dir='ltr'>ἐκκλησίας</span> <span class='ocrx_word' id='word_1_267' title='bbox 1043 3511 1153 3583; x_wconf 77' lang='grc' dir='ltr'>ἀρχαίαν</span> <span class='ocrx_word' id='word_1_268' title='bbox 1171 3511 1327 3583; x_wconf 71' lang='grc' dir='ltr'>παράδοσιν·</span> <span class='ocrx_word' id='word_1_269' title='bbox 1348 3510 1414 3583; x_wconf 71' lang='grc' dir='ltr'>μήτε</span> 
     </span>
     <span class='ocr_line' id='line_1_33' title="bbox 364 3604 1413 3681; baseline 0.004 -21"><span class='ocrx_word' id='word_1_270' title='bbox 364 3608 416 3676; x_wconf 67' lang='grc' dir='ltr'><strong>μὴν</strong></span> <span class='ocrx_word' id='word_1_271' title='bbox 435 3604 641 3679; x_wconf 67' lang='grc' dir='ltr'>ἆποζτύγνυσθαι</span> <span class='ocrx_word' id='word_1_272' title='bbox 661 3605 765 3678; x_wconf 75' lang='grc' dir='ltr'>ταύτης,</span> <span class='ocrx_word' id='word_1_273' title='bbox 781 3606 811 3677; x_wconf 80' lang='grc' dir='ltr'><strong>ἣν</strong></span> <span class='ocrx_word' id='word_1_274' title='bbox 831 3607 902 3677; x_wconf 77' lang='grc' dir='ltr'>ἅπαξ</span> <span class='ocrx_word' id='word_1_275' title='bbox 914 3608 963 3677; x_wconf 71' lang='grc' dir='ltr'><strong>ἤδη</strong></span> <span class='ocrx_word' id='word_1_276' title='bbox 982 3610 1110 3679; x_wconf 78' lang='grc' dir='ltr'>πρότερον</span> <span class='ocrx_word' id='word_1_277' title='bbox 1130 3608 1219 3665; x_wconf 66' lang='lat' dir='ltr'><strong>tutele</strong></span> <span class='ocrx_word' id='word_1_278' title='bbox 1238 3607 1273 3662; x_wconf 78' lang='grc' dir='ltr'><strong>δν</strong></span> <span class='ocrx_word' id='word_1_279' title='bbox 1292 3606 1413 3681; x_wconf 73' lang='grc' dir='ltr'><strong>ἠγάγετο.</strong></span> 
     </span>
     <span class='ocr_line' id='line_1_34' title="bbox 366 3700 1413 3783; baseline 0.006 -24"><span class='ocrx_word' id='word_1_280' title='bbox 366 3701 476 3761; x_wconf 87' lang='lat' dir='ltr'><strong>Socrst.</strong></span> <span class='ocrx_word' id='word_1_281' title='bbox 490 3702 567 3759; x_wconf 88' lang='lat' dir='ltr'><strong>Hist.</strong></span> <span class='ocrx_word' id='word_1_282' title='bbox 581 3701 693 3761; x_wconf 84' lang='lat' dir='ltr'><strong>Eccles.</strong></span> <span class='ocrx_word' id='word_1_283' title='bbox 706 3704 756 3762; x_wconf 87' lang='lat' dir='ltr'><strong>lib.</strong></span> <span class='ocrx_word' id='word_1_284' title='bbox 766 3704 786 3761; x_wconf 90' lang='lat' dir='ltr'><strong>i.</strong></span> <span class='ocrx_word' id='word_1_285' title='bbox 802 3723 864 3782; x_wconf 89' lang='lat' dir='ltr'><strong>cap.</strong></span> <span class='ocrx_word' id='word_1_286' title='bbox 879 3723 925 3761; x_wconf 79' lang='grc' dir='ltr'><strong>ιι.</strong></span> <span class='ocrx_word' id='word_1_287' title='bbox 948 3702 1065 3762; x_wconf 81' lang='lat' dir='ltr'><strong>Sozom.</strong></span> <span class='ocrx_word' id='word_1_288' title='bbox 1076 3700 1127 3762; x_wconf 89' lang='lat' dir='ltr'><strong>lib.</strong></span> <span class='ocrx_word' id='word_1_289' title='bbox 1137 3703 1158 3761; x_wconf 88' lang='lat' dir='ltr'><strong>i.</strong></span> <span class='ocrx_word' id='word_1_290' title='bbox 1174 3724 1237 3783; x_wconf 89' lang='lat' dir='ltr'><strong>cap.</strong></span> <span class='ocrx_word' id='word_1_291' title='bbox 1247 3721 1295 3778; x_wconf 80' lang='lat'><strong>23.</strong></span> <span class='ocrx_word' id='word_1_292' title='bbox 1315 3704 1413 3765; x_wconf 73' lang='lat' dir='ltr'><strong>Gelas</strong></span> 
     </span>
     <span class='ocr_line' id='line_1_35' title="bbox 366 3796 1414 3880; baseline 0.004 -25"><span class='ocrx_word' id='word_1_293' title='bbox 366 3796 539 3878; x_wconf 76' lang='lat' dir='ltr'><strong>Cynicrlct.</strong></span> <span class='ocrx_word' id='word_1_294' title='bbox 550 3797 661 3857; x_wconf 89' lang='lat' dir='ltr'><strong>Concil.</strong></span> <span class='ocrx_word' id='word_1_295' title='bbox 673 3799 834 3859; x_wconf 89' lang='lat' dir='ltr'><strong>Nic.lib.ii.</strong></span> <span class='ocrx_word' id='word_1_296' title='bbox 845 3821 907 3880; x_wconf 88' lang='lat' dir='ltr'><strong>cap.</strong></span> <span class='ocrx_word' id='word_1_297' title='bbox 914 3818 963 3875; x_wconf 79' lang='lat'><strong>3²·</strong></span> <span class='ocrx_word' id='word_1_298' title='bbox 991 3800 1065 3859; x_wconf 77' lang='lat' dir='ltr'><strong>Hoc</strong></span> <span class='ocrx_word' id='word_1_299' title='bbox 1073 3820 1091 3857; x_wconf 99' lang='lat' dir='ltr'><strong>a</strong></span> <span class='ocrx_word' id='word_1_300' title='bbox 1100 3799 1268 3879; x_wconf 88' lang='lat' dir='ltr'><strong>Paphnutio</strong></span> <span class='ocrx_word' id='word_1_301' title='bbox 1277 3800 1414 3879; x_wconf 86' lang='lat' dir='ltr'><strong>conjugio</strong></span> 
     </span>
     <span class='ocr_line' id='line_1_36' title="bbox 366 3892 1415 3975; baseline 0.002 -22"><span class='ocrx_word' id='word_1_302' title='bbox 366 3905 487 3973; x_wconf 82' lang='lat' dir='ltr'><strong>experte</strong></span> <span class='ocrx_word' id='word_1_303' title='bbox 505 3892 593 3959; x_wconf 87' lang='lat' dir='ltr'><strong>dicta,</strong></span> <span class='ocrx_word' id='word_1_304' title='bbox 616 3905 679 3953; x_wconf 86' lang='lat' dir='ltr'><strong>tota</strong></span> <span class='ocrx_word' id='word_1_305' title='bbox 697 3896 826 3975; x_wconf 85' lang='lat' dir='ltr'><strong>synodus</strong></span> <span class='ocrx_word' id='word_1_306' title='bbox 845 3916 899 3954; x_wconf 90' lang='lat' dir='ltr'><strong>suo</strong></span> <span class='ocrx_word' id='word_1_307' title='bbox 919 3895 1057 3973; x_wconf 81' lang='lat' dir='ltr'><strong>suffragio</strong></span> <span class='ocrx_word' id='word_1_308' title='bbox 1080 3894 1295 3974; x_wconf 79' lang='lat' dir='ltr'><strong>comprobavit;</strong></span> <span class='ocrx_word' id='word_1_309' title='bbox 1320 3906 1355 3954; x_wconf 90' lang='lat' dir='ltr'><strong>nt</strong></span> <span class='ocrx_word' id='word_1_310' title='bbox 1377 3916 1415 3955; x_wconf 85' lang='lat' dir='ltr'><strong>cx</strong></span> 
     </span>
     <span class='ocr_line' id='line_1_37' title="bbox 366 3989 1414 4070; baseline 0.002 -23"><span class='ocrx_word' id='word_1_311' title='bbox 366 3989 437 4049; x_wconf 90' lang='lat' dir='ltr'><strong>locis</strong></span> <span class='ocrx_word' id='word_1_312' title='bbox 452 3989 548 4049; x_wconf 88' lang='lat' dir='ltr'><strong>citatis</strong></span> <span class='ocrx_word' id='word_1_313' title='bbox 567 4001 689 4049; x_wconf 79' lang='lat' dir='ltr'><strong>constat.</strong></span> <span class='ocrx_word' id='word_1_314' title='bbox 731 3991 821 4063; x_wconf 93' lang='lat' dir='ltr'><strong>Quod</strong></span> <span class='ocrx_word' id='word_1_315' title='bbox 841 3991 1025 4069; x_wconf 88' lang='lat' dir='ltr'><strong>Paphnutius</strong></span> <span class='ocrx_word' id='word_1_316' title='bbox 1044 3992 1134 4070; x_wconf 82' lang='lat' dir='ltr'><strong>igitur</strong></span> <span class='ocrx_word' id='word_1_317' title='bbox 1152 3992 1244 4051; x_wconf 83' lang='lat' dir='ltr'><strong>veteri</strong></span> <span class='ocrx_word' id='word_1_318' title='bbox 1263 3991 1414 4051; x_wconf 85' lang='lat' dir='ltr'><strong>traditioni</strong></span> 
     </span>
     <span class='ocr_line' id='line_1_38' title="bbox 365 4086 1413 4168; baseline 0.003 -23"><span class='ocrx_word' id='word_1_319' title='bbox 365 4086 513 4153; x_wconf 70' lang='lat' dir='ltr'><strong>adscribit,</strong></span> <span class='ocrx_word' id='word_1_320' title='bbox 536 4086 566 4142; x_wconf 92' lang='lat' dir='ltr'><strong>iu</strong></span> <span class='ocrx_word' id='word_1_321' title='bbox 595 4087 730 4165; x_wconf 80' lang='lat' dir='ltr'><strong>prmseuti</strong></span> <span class='ocrx_word' id='word_1_322' title='bbox 755 4108 864 4146; x_wconf 86' lang='lat' dir='ltr'><strong>canone</strong></span> <span class='ocrx_word' id='word_1_323' title='bbox 892 4088 1091 4155; x_wconf 87' lang='lat' dir='ltr'><strong>constituitur,</strong></span> <span class='ocrx_word' id='word_1_324' title='bbox 1118 4099 1148 4147; x_wconf 85' lang='lat' dir='ltr'><strong>et</strong></span> <span class='ocrx_word' id='word_1_325' title='bbox 1173 4088 1247 4146; x_wconf 91' lang='lat' dir='ltr'><strong>nihil</strong></span> <span class='ocrx_word' id='word_1_326' title='bbox 1272 4089 1413 4168; x_wconf 86' lang='lat' dir='ltr'><strong>amplius:</strong></span> 
     </span>
     <span class='ocr_line' id='line_1_39' title="bbox 366 4182 1415 4260; baseline 0 -21"><span class='ocrx_word' id='word_1_327' title='bbox 366 4182 552 4259; x_wconf 83' lang='lat' dir='ltr'><strong>nequeenim</strong></span> <span class='ocrx_word' id='word_1_328' title='bbox 572 4183 601 4239; x_wconf 88' lang='lat' dir='ltr'><strong>in</strong></span> <span class='ocrx_word' id='word_1_329' title='bbox 618 4182 673 4240; x_wconf 89' lang='lat' dir='ltr'><strong>hoc</strong></span> <span class='ocrx_word' id='word_1_330' title='bbox 691 4202 745 4241; x_wconf 84' lang='lat' dir='ltr'><strong>nec</strong></span> <span class='ocrx_word' id='word_1_331' title='bbox 758 4182 816 4242; x_wconf 89' lang='lat' dir='ltr'><strong>alio</strong></span> <span class='ocrx_word' id='word_1_332' title='bbox 830 4185 932 4260; x_wconf 78' lang='lat' dir='ltr'><strong>quovis</strong></span> <span class='ocrx_word' id='word_1_333' title='bbox 945 4184 1067 4260; x_wconf 89' lang='lat' dir='ltr'><strong>antiquo</strong></span> <span class='ocrx_word' id='word_1_334' title='bbox 1079 4204 1189 4243; x_wconf 87' lang='lat' dir='ltr'><strong>canone</strong></span> <span class='ocrx_word' id='word_1_335' title='bbox 1203 4185 1351 4243; x_wconf 85' lang='lat' dir='ltr'><strong>decretum</strong></span> <span class='ocrx_word' id='word_1_336' title='bbox 1368 4185 1415 4242; x_wconf 90' lang='lat' dir='ltr'><strong>in.</strong></span> 
     </span>
     <span class='ocr_line' id='line_1_40' title="bbox 367 4278 1425 4360; baseline 0.005 -25"><span class='ocrx_word' id='word_1_337' title='bbox 367 4278 508 4348; x_wconf 86' lang='lat' dir='ltr'><strong>venimus,</strong></span> <span class='ocrx_word' id='word_1_338' title='bbox 523 4297 582 4356; x_wconf 86' lang='lat' dir='ltr'><strong>quo</strong></span> <span class='ocrx_word' id='word_1_339' title='bbox 601 4278 786 4358; x_wconf 78' lang='lat' dir='ltr'><strong>presbyteris.</strong></span> <span class='ocrx_word' id='word_1_340' title='bbox 795 4279 917 4356; x_wconf 87' lang='lat' dir='ltr'><strong>aliisque</strong></span> <span class='ocrx_word' id='word_1_341' title='bbox 939 4279 1049 4339; x_wconf 85' lang='lat' dir='ltr'><strong>clericis</strong></span> <span class='ocrx_word' id='word_1_342' title='bbox 1070 4280 1202 4359; x_wconf 81' lang='lat' dir='ltr'><strong>legitimo</strong></span> <span class='ocrx_word' id='word_1_343' title='bbox 1220 4301 1345 4340; x_wconf 87' lang='lat' dir='ltr'><strong>uxorum</strong></span> <span class='ocrx_word' id='word_1_344' title='bbox 1364 4302 1425 4360; x_wconf 55' lang='lat' dir='ltr'><strong>su2</strong></span> 
     </span>
    </p>
   </div>
   <div class='ocr_carea' id='block_1_5' title="bbox 0 0 1634 5150">
    <p class='ocr_par' dir='ltr' id='par_1_5' title="bbox 0 0 1634 5150">
     <span class='ocr_line' id='line_1_41' title="bbox 0 0 1634 5150; baseline 0 0"><span class='ocrx_word' id='word_1_345' title='bbox 0 0 1634 5150; x_wconf 95' lang='lat' dir='ltr'><strong> </strong></span> 
     </span>
    </p>
   </div>
  </div>
 </body>
</html>
