3242 5150
360 430 410 498 IN
436 431 652 498 CONCILII
679 432 886 497 NEOCAES.
911 433 1141 498 CANONES.
1206 435 1267 499 201

218 613 238 640 ‘⁸
257 589 434 668 Sacerdotii
465 603 567 667 officie
595 602 726 687 implero
756 621 819 667 non
848 625 940 689 poeee
969 605 1161 681 riderentur,
1191 624 1271 690 quoe

218 714 239 744 “
255 707 405 770 valetudo
429 706 532 792 prima
554 705 627 769 fidei
650 706 807 770 elemento
830 727 893 769 non
916 705 1042 770 sivisset
1064 706 1213 779 ediscere,
1236 714 1270 770 et

222 817 243 844 ‘⁶
257 829 362 872 rerum
377 808 518 871 omniurn
534 808 661 892 ignaros
674 815 709 872 et
722 809 819 872 rudes
834 808 987 893 baptisari
1000 807 1164 891 coegisset.
1189 808 1271 874 Hoec

219 919 240 947 “
257 919 307 974 eet
330 910 415 974 ratio
439 911 645 994 quomobrem
675 912 715 973 ad
746 911 872 988 ordines
901 931 964 973 non
993 910 1269 994 ediegerentur.-

219 1020 240 1048 “
256 1012 354 1076 Fiden
369 1012 448 1075 enim
462 1013 525 1096 ejece
539 1034 598 1075 oon
612 1021 652 1075 cet
666 1035 701 1076 ec
713 1014 890 1097 propoeito‚·
915 1021 1002 1076 metu
1020 1011 1134 1076 mortio
1152 1011 1270 1094 potius.

222 1121 241 1150 ‘⁴
257 1135 350 1197 quern
367 1115 452 1198 quod
466 1114 540 1176 fidei
556 1135 620 1177 eune
640 1113 796 1178 rationem
815 1115 949 1178 reddere
968 1114 1080 1199 possit,
1101 1115 1271 1199 profitetur

221 1222 241 1250 ‘⁴
256 1235 290 1277 ee
310 1215 342 1277 in
358 1215 462 1278 Demn
483 1224 516 1280 et
536 1215 699 1281 Christum
720 1217 882 1280 credere.”
903 1239 934 1301 p.
953 1235 1026 1302 372.
1043 1215 1120 1280 edit.
1144 1216 1272 1279 Heime·

220 1317 304 1380 etad.
350 1319 506 1381 Censores
537 1318 651 1381 Valesii
684 1327 792 1382 notam
823 1320 865 1382 ad
895 1318 1045 1383 &ennon
1076 1315 1273 1402 Fragmenta

222 1418 404 1482 Eusebiene
427 1421 465 1482 vi.
491 1441 543 1504 43.
570 1443 666 1504 supro
691 1443 763 1505 pag.
781 1424 833 1483 66.
873 1421 932 1484 voi.
958 1420 1059 1496 tertii,
1085 1428 1120 1484 et
1145 1419 1272 1483 Jueteiii

222 1521 447 1606 Bevcregiique
470 1522 705 1594 adnotationes,
729 1543 799 1606 quae
822 1523 905 1586 infra
926 1524 998 1586 oitae
1023 1531 1108 1586 eunt.
1154 1521 1217 1585 Sed
1240 1523 1271 1583 in

224 1622 419 1706 Albeepinaei
435 1631 658 1707 argumentum
674 1624 776 1708 regeri
791 1624 851 1686 hoc
866 1631 983 1708 potest,
999 1623 1099 1686 oecrie
1113 1622 1273 1707 religionis

221 1725 340 1787 erudiri
355 1737 452 1808 etque
468 1725 591 1789 institui
607 1747 700 1810 poseo
715 1725 844 1789 clinicos
859 1732 933 1809 poet
955 1725 1160 1807 baptismum,
1176 1725 1272 1787 immo

223 1835 370 1911 oportere
400 1827 432 1890 id
462 1827 530 1892 fieri
557 1827 649 1911 jussu
679 1827 808 1891 canonio
831 1849 927 1891 xnvn.
951 1828 1084 1890 Concilii
1107 1823 1274 1891 Laodiceni

223 1928 456 2012 praecipientie3
480 1926 553 1990 ‘Ort
578 1933 626 1992 δεῖ
646 1929 713 1995 τοὺς
743 1932 777 1992 ἐν
806 1931 887 2012 νόσῳ
917 1928 1210 2008 παραλαμβάνοντας
1237 1927 1272 1989 τὸ

221 2030 389 2110 βάπτισμα,
413 2030 476 2094 εἶτα
501 2029 698 2104 ἀναστάντας,
725 2031 922 2110 ἐκμανθάνειν
947 2030 1000 2108 τὴν
1021 2031 1133 2103 πίστιν,
1157 2031 1205 2092 καὶ
1226 2054 1274 2109 γι-

224 2133 351 2196 νῶσκειν
368 2133 414 2195 ὅτι
429 2133 510 2198 θείας
523 2135 634 2211 δωρεᾶς
649 2129 881 2210 κατηξιώθησαν.

600 2293 759 2356 CANON
788 2291 896 2354 XIII.

270 2425 307 2488 P.
328 2426 396 2508 185.
413 2423 432 2489 I.
449 2451 480 2504 4.
496 2430 643 2488 ΚΑΝΩΝ
670 2427 731 2508 ΙΓ.]
758 2426 856 2510 Apud
877 2426 962 2488 odito
985 2423 1132 2498 Ooncilio,
1156 2431 1190 2486 et
1213 2422 1272 2486 Be·

226 2527 341 2612 reregii
362 2527 557 2611 Synodicvnt
581 2527 696 2611 quibus
717 2527 820 2591 oddae
841 2527 1008 2611 pieroeque
1030 2546 1139 2588 omnes
1160 2524 1276 2589 codices

225 2652 319 2693 mne
334 2631 461 2714 compton
475 2628 666 2703 Bodleianoo,
678 2628 931 2714 intorpreteeqne
946 2631 1089 2698 Grrecoe.
1104 2628 1273 2703 zonarum,

227 2730 457 2806 Beleemoncrn,
475 2731 662 2805 lenonem,
679 2731 808 2815 dempto
831 2738 959 2794 tentum
977 2730 1080 2793 altero
1101 2730 1275 2813 interprete

228 2833 389 2908 Aristono,
416 2833 448 2894 in
477 2831 565 2894 duee
582 2831 633 2895 hic
657 2831 767 2895 Cenon
794 2832 912 2894 divione
935 2839 995 2905 eet,
1020 2852 1084 2915 qne
1105 2832 1146 2893 de
1171 2852 1207 2893 re
1232 2831 1274 2894 ed

228 2934 358 3018 hujusce
373 2934 491 3018 Synodi
507 2934 671 2997 Oanonurn
687 2934 828 2998 Tituium
840 2935 908 3017 jam
923 2932 988 2997 dixi
1005 2956 1036 3018 p.
1056 2934 1126 3015 187.
1155 2933 1220 2996 Sed
1235 2932 1276 2995 de

228 3054 277 3113 eo,
290 3037 374 3120 qood
386 3036 418 3097 in
433 3035 493 3099 hoc
509 3056 543 3098 ro
560 3036 695 3099 Photine
709 3036 784 3099 olim
799 3038 929 3110 feceret,
942 3058 1025 3100 nunc
1036 3035 1212 3100 audiendus
1225 3044 1277 3099 eet

227 3137 275 3202 vir
296 3137 422 3201 doctiee.
446 3138 469 3199 J
470 3158 517 3199 ec.
536 3136 774 3201 Leeohoeeeriue
794 3138 829 3201 in
846 3138 1077 3215 omnuim,
1094 3136 1184 3222 cujus
1202 3158 1274 3222 par·

228 3238 325 3303 ticule
342 3236 534 3302 Bibliotteece
547 3240 639 3303 Juro
658 3241 771 3303 Conon.
799 3242 865 3304 Vct.
886 3241 1051 3325 praemieeo
1068 3248 1139 3304 ectr
1162 3248 1184 3279 ‘⁶
1195 3240 1275 3305 oon·

163 3362 164 3365 ’
230 3352 249 3376 “
264 3340 369 3405 cilium
392 3340 648 3405 Neocaeearienee
669 3343 786 3427 (inquit
804 3342 871 3421 iile)
892 3351 944 3407 tot
956 3344 1103 3407 Oenones
1125 3340 1276 3405 hebetia

230 3452 249 3481 “
264 3442 380 3507 codiee
395 3441 563 3517 Orientnii,
579 3454 655 3527 quot
674 3452 708 3507 ot
727 3444 758 3507 in
775 3442 896 3507 Codice
910 3444 1043 3520 Tiliano,
1059 3464 1172 3527 nempe
1187 3441 1276 3526 quin·

231 3552 249 3579 “
264 3544 375 3607 decim.
434 3546 483 3607 At
505 3543 538 3605 io
557 3544 676 3607 Codice
701 3544 902 3629 Mogontino,
924 3546 978 3628 qui
1000 3553 1091 3609 vetuo
1113 3544 1278 3607 Romanus

231 3654 249 3683 ‘⁴
264 3654 323 3722 est„
339 3644 579 3730 quatuordeeim
595 3647 743 3709 Cenonee
757 3647 865 3711 habet.
912 3646 992 3710 Heec
1006 3668 1081 3709 vero
1098 3646 1279 3709 differentia

230 3758 249 3785 ‘⁴
265 3770 303 3811 ex
326 3770 365 3812 eo
383 3754 461 3811 neto
481 3754 543 3822 eet,
559 3748 644 3831 quod
665 3749 781 3812 tertius
803 3758 838 3812 et
859 3750 1000 3812 decimus
1020 3750 1134 3811 Conon
1149 3748 1279 3811 Codicis

230 3849 406 3912 “Orientis
429 3848 553 3923 Tiliani,
577 3849 631 3932 qui
655 3848 765 3931 incipit
788 3849 962 3933 ἑπιχῶριοις
988 3850 1065 3913 item
1088 3858 1222 3934 quartus
1242 3856 1278 3914 et

141 4014 145 4021 ,
230 3956 250 3986 “
265 3950 404 4013 decimus
423 3949 586 4035 incipiens,
601 3953 630 4015 οἱ
650 3954 682 4014 δὲ
701 3954 933 4035 χωρεπίσκοποι,
951 3974 1011 4034 pro
1030 3951 1123 4015 unico
1144 3953 1278 4014 Conone

232 4058 250 4087 “
265 4052 388 4115 duobus
403 4052 548 4136 pertibus
561 4052 627 4115 eive
642 4052 780 4136 perindie
795 4061 963 4117 conotentc
973 4053 1115 4117 citantur
1128 4051 1160 4114 in
1169 4052 1277 4115 Photii

231 4160 250 4189 ‘⁴
266 4152 500 4219 Nomooenone.
546 4155 651 4218 Ambo
673 4156 814 4219 citantur
835 4157 878 4219 ab
899 4177 938 4219 eo
960 4177 1018 4239 pro
1040 4154 1133 4217 unico
1153 4152 1277 4216 docimo

232 4260 250 4289 “
265 4253 372 4327 tertio,
388 4255 507 4319 scilicet
521 4256 608 4340 prior
622 4278 697 4340 pore
712 4258 780 4340 ojue
796 4257 936 4320 Cononis
950 4256 1045 4319 titulo
1060 4254 1157 4318 tertio
1171 4252 1277 4336 capite

232 4362 252 4391 “
266 4364 393 4440 quarto,
409 4364 443 4421 et
458 4356 616 4441 posterior
630 4358 725 4421 titulo
741 4358 844 4442 primo
866 4357 971 4442 eopite
992 4355 1144 4441 vigesimo
1163 4354 1278 4417 nouo?

276 4479 340 4519 tot.
357 4481 400 4520 ιν.
733 4479 755 4521 ῃ
770 4460 791 4522 d
