3242 5150
365 409 430 473 152
697 407 1079 471 ANNOTATIONES

364 575 461 640 istem
474 597 496 640 ο
511 575 678 642 Ferrendo
692 576 860 653 nucitum,
874 597 946 660 quse
959 575 1101 640 nonnihil
1111 577 1237 641 ruriete
1250 577 1284 640 in
1297 573 1417 642 Isidori

367 676 550 750 oetam
560 685 595 742 ct
609 675 642 740 in
656 677 764 741 Οοόιοο
778 679 933 742 eoem
944 699 984 741 ex
999 678 1124 742 duobus
1138 677 1271 744 MSStis
1284 700 1305 743 e
1314 679 1416 760 Ques-

364 779 447 842 nelio
457 777 1322 864 editc‚inc‹rpue1on·quoqueeqsoomsossoarolm.
1331 801 1417 843 com·

364 888 468 966 peret.
490 881 552 961 Qui
562 881 643 944 enim
655 880 688 943 id
697 880 771 944 terri
782 887 900 965 posset,
910 889 947 944 ut
955 880 1114 950 renitente
1125 880 1211 944 omni
1221 879 1416 964 antiquitate

364 981 543 1066 presbyteri
565 982 719 1066 permissu
745 981 928 1067 episcopeli,
948 981 998 1045 vel
1024 981 1136 1065 quovis
1161 979 1225 1045 nlic
1243 988 1416 1066 praetextu,

365 1104 473 1148 secrcs
488 1105 628 1169 uuquam
640 1083 811 1150 contudisse
821 1083 949 1148 ordines
959 1082 1241 1150 existimarentur?
1255 1085 1304 1150 At
1316 1103 1417 1165 preve

365 1192 474 1249 umen
484 1184 844 1270 interpretatiooanonis
852 1183 1048 1270 presbyteris
1056 1185 1134 1249 illud
1142 1185 1316 1251 mactet.
1329 1183 1419 1248 Hinc

365 1285 476 1350 deesse
490 1285 609 1370 eliquid
625 1286 658 1350 in
672 1286 833 1352 codicibus
847 1287 914 1351 suis
932 1285 984 1350 elii
1002 1286 1109 1352 Letini
1126 1285 1317 1371 interpretes
1331 1285 1418 1350 colli-

364 1386 496 1471 gebeut,
520 1397 620 1472 etque
642 1387 690 1452 ite
718 1387 865 1473 suipplere
889 1389 1064 1474 pergebant
1086 1389 1190 1473 ipsum
1214 1387 1303 1464 illud,
1329 1388 1416 1471 quod

366 1509 438 1552 eum
472 1487 545 1553 eliis
573 1489 700 1574 quidem
730 1489 906 1554 oenonibus
938 1497 973 1554 et
1005 1490 1172 1576 discipline
1203 1487 1417 1552 ecclesiastico

365 1589 448 1654 bene
461 1598 661 1676 cougnieret.
706 1591 751 1656 Et
766 1591 947 1677 hujusmodi
961 1590 1122 1656 interdum
1139 1589 1231 1654 nobis
1245 1596 1417 1653 occurrunt

366 1712 523 1756 monum
546 1691 768 1762 edditementn
794 1694 843 1757 vel
871 1716 893 1758 e
916 1694 1056 1758 conciliis
1082 1691 1297 1778 sequentibus,
1321 1690 1370 1754 vel
1395 1709 1417 1754 ο

365 1791 597 1870 collectoribus,
613 1794 663 1858 vel
685 1794 784 1859 etism
803 1795 847 1859 eb
867 1795 1097 1879 interpretibus
1116 1792 1270 1878 profecte.
1314 1791 1417 1856 Simili

366 1892 464 1958 etium
479 1894 520 1958 de
534 1915 631 1958 ceusu
649 1895 781 1960 edducti
801 1917 870 1960 esse
889 1885 1048 1971 videntur,
1075 1900 1113 1958 ut
1134 1894 1219 1958 idem
1240 1893 1301 1958 bne
1320 1893 1361 1957 de
1379 1915 1417 1958 re

364 1999 546 2058 mouent
572 2001 721 2060 auctores
742 1997 945 2074 recentiores,
973 1997 1207 2073 Hammoudus,
1233 1997 1351 2062 Petrus
1374 1994 1417 2058 de

366 2092 492 2172 Meos,
516 2080 736 2176 Tliorndioius,
756 2099 976 2175 Ouisontion,
998 2098 1205 2184 Bingbsmus,
1221 2096 1415 2174 Junsoous

365 2194 442 2270 elii;
472 2195 548 2260 dum
572 2197 735 2279 Petcviue,
759 2201 823 2266 elin
847 2201 974 2266 ratione
996 2221 1065 2264 rem
1093 2199 1244 2264 mediocri
1265 2197 1415 2283 Βοιὶίοιιιι,

366 2299 472 2376 verbe,
488 2299 571 2369 ἄλλο
589 2303 663 2381 μηδὲ
681 2303 903 2385 πρισβιπέροος
921 2305 1048 2379 πόλεως,
1063 2301 1169 2387 potius
1191 2300 1365 2364 resecende
1381 2307 1417 2364 et

364 2401 579 2486 expungendo
591 2402 694 2488 jubet
711 2403 744 2466 iu
758 2403 852 2468 Notio
863 2403 909 2467 ud
920 2403 1144 2489 Εριρλοιιὶιιιιι,
1158 2409 1237 2466 tom.
1248 2401 1280 2464 ii.
1294 2422 1326 2485 p.
1340 2415 1416 2483 277.

367 2501 564 2589 Eodemque,
578 2505 611 2568 ni
633 2505 737 2583 fallor,
753 2512 879 2591 spectet
900 2505 1042 2575 varietus
1060 2505 1116 2570 ille
1135 2505 1265 2569 dueum
1280 2503 1417 2568 odim
1493 2585 1499 2593 ι

366 2604 400 2668 iu
422 2604 617 2675 bibliothece
634 2607 808 2673 Bodleiano
822 2610 1015 2673 Μᾶδοοπιιιι
1029 2610 1071 2675 26
1085 2614 1119 2672 et
1134 2610 1208 2692 625.
1228 2606 1304 2670 olim
1321 2607 1415 2669 Raec-

365 2705 475 2771 Ειιιοιι.
490 2730 587 2793 quem
605 2717 682 2774 ente
696 2710 958 2785 commemorem
981 2733 1048 2796 prce
1061 2732 1096 2775 se
1109 2710 1232 2775 terente
1245 2708 1350 2775 eltero
1362 2730 1415 2773 eo

365 2808 499 2877 nundum
528 2810 671 2881 ecdicum
701 2814 874 2881 ἐπισκόποις
900 2815 1019 2879 πόλεως
1044 2834 1104 2897 Pro
1132 2810 1354 2893 πρεσβυτέρους
1381 2836 1414 2875 π.

365 2908 471 2973 eltero
482 2918 591 2975 eutem
605 2913 820 2979 accusativum
838 2917 1027 2991 ἐπισκόπους,
1042 2914 1099 2977 sed
1117 2913 1205 2977 illum
1220 2919 1333 2997 postu
1346 2933 1414 2975 mn·

366 3014 473 3081 tetum
490 3010 524 3074 in
546 3013 642 3077 dandi
662 3036 768 3081 cusum
792 3017 975 3092 ἐπισκόποις,
997 3016 1037 3078 sd
1059 3016 1150 3100 cujus
1171 3022 1280 3079 temen
1299 3013 1417 3079 codicis

365 3130 456 3173 crem
479 3110 575 3176 lectio
596 3136 675 3180 vere
695 3116 916 3198 πρεσβυτέρους
934 3125 1069 3182 exeretn
1086 3123 1146 3181 est
1191 3114 1258 3179 Nec
1279 3114 1415 3179 multum

366 3210 481 3275 diversi
503 3215 629 3298 generis
647 3226 698 3283 est
721 3217 883 3282 Scbolium
903 3218 937 3282 in
955 3219 1017 3283 cod.
1033 3220 1129 3304 3385.
1144 3223 1267 3291 extens,
1278 3214 1350 3281 Ὀτι
1363 3215 1416 3279 οὐκ

366 3310 486 3391 ἔξεστιν
503 3322 747 3399 χιιρεπισκόπους
765 3326 986 3403 χιιροτοποιιςΐο
1003 3322 1124 3397 ἄλλους,
1139 3320 1207 3383 otte
1226 3319 1416 3394 ἐπισκόπους,

367 3414 402 3477 ir
424 3414 511 3501 ἑτίρᾳ
529 3423 677 3505 παροικίᾳ.
722 3420 786 3485 Sed
808 3422 842 3485 ln
862 3422 984 3507 molitio
1004 3421 1065 3486 illle
1084 3424 1136 3485 26.
1159 3429 1195 3486 ot
1207 3424 1282 3505 ⁶²5·
1305 3419 1415 3505 ὃκόσιῃ

366 3536 431 3579 nou
446 3517 532 3604 ἕτέρρ
545 3520 685 3603 potitum
699 3529 757 3589 eet

409 3616 487 3682 Jem
501 3640 576 3684 vero
591 3622 667 3685 mibi
682 3631 880 3709 compertum
898 3630 959 3700 est,
976 3622 1110 3687 Frntres
1129 3622 1269 3687 celebres
1282 3620 1415 3685 Belleri-

365 3717 445 3795 trice,
461 3720 602 3806 aliosque
621 3724 705 3788 viros
721 3724 843 3801 doctos,
854 3724 1016 3811 judicasse
1036 3722 1146 3788 multie
1167 3722 1291 3788 colletis
1310 3728 1415 3787 vetus·

366 3822 497 3892 tissimis
534 3846 691 3891 cononum
726 3826 965 3891 collectionibus
999 3826 1307 3910 interpretationem,
1343 3846 1416 3909 quse

368 3920 549 3987 Isidoriene
573 3924 646 3989 ideo
673 3925 779 3989 voceri
801 3924 894 4001 solet,
917 3926 1002 4009 quod
1024 3925 1057 3987 in
1080 3924 1275 3989 Collectioue
1298 3924 1415 3989 isidori

365 4022 487 4098 extitit,
517 4032 552 4091 et
588 4025 620 4089 in
654 4048 719 4112 qus
750 4026 945 4113 conspicitur
974 4027 1238 4101 edditemeutum,
1267 4032 1416 4111 tempore

367 4124 635 4191 Pseudo-isidori
661 4129 870 4213 proecessisee,
899 4136 998 4212 etque
1027 4128 1124 4193 etium
1151 4128 1276 4192 dnobus
1304 4127 1416 4192 ulteris

365 4224 560 4291 rosionibus
574 4226 686 4293 Priscu
701 4236 734 4295 et
749 4229 947 4315 Dionysicne
960 4230 1173 4315 antiquiorem
1187 4250 1279 4302 esset
1308 4236 1414 4294 stetu·

365 4326 492 4393 entibus
520 4335 677 4415 praeteren
709 4330 899 4410 leleriniis,
926 4333 1061 4397 eundem
1089 4352 1156 4417 pree
1190 4330 1291 4396 oculis
1317 4331 1415 4395 fuisse
