3242 5150
358 427 421 492 170
692 427 1071 491 ANNOTATIONES

356 615 472 659 ιυυιικο
501 595 666 660 reverentia
694 597 731 660 ds
752 597 794 661 eis
818 596 898 661 tutor
922 617 974 661 ποι
992 593 1301 682 pharisoeorum,
1327 594 1410 683 qnod

351 699 554 780 Aooprotuoi
568 719 692 762 σοοοιιοο
705 699 909 763 όοστοοοτνυε.

400 802 438 865 P.
465 819 535 886 125.
558 800 579 863 l.
606 821 656 865 11.
680 803 958 886 καταξιούσθωσαν]
983 801 1119 868 Zonsrae
1146 804 1403 868 Οοιαιαοιιίσιύιιιε

356 903 453 970 Οὗτος
466 905 553 983 μδνό
570 905 677 980 κανὼν,
690 905 905 984 ἆκοινωνησίσς
921 906 1053 990 ἐπιτιμίῳ
1068 905 1186 983 κολάζει
1200 906 1253 970 τδν
1268 908 1405 970 ἑκούσιον

356 1006 453 1084 φόνον
477 1004 518 1084 μὴ
541 1013 704 1089 συγχωρῶν
726 1007 867 1090 μετέχειν
889 1015 949 1072 τῶν
972 1007 1166 1090 ἅγιασμότων
1187 1007 1242 1070 τὸν
1264 1009 1406 1073 ἑκουσίως

356 1107 557 1188 φονεύσαντα,
575 1109 601 1172 εί
614 1109 655 1188 μὴ
670 1111 704 1172 έν
719 1111 758 1194 τῷ
774 1109 857 1172 τέλει
871 1113 925 1172 τοῦ
937 1111 1017 1188 βίον·
1047 1112 1065 1173 δ
1086 1112 1119 1173 δέ
1137 1111 1231 1190 μέγας
1245 1111 1404 1176 Βασίλειος

356 1211 390 1272 έν
404 1212 593 1297 πεντηκοστῷ
610 1211 682 1294 έκτερ
699 1215 801 1275 κανόνι
817 1213 1006 1278 είκοσαετίαν
1025 1214 1114 1292 ὁρίζει
1133 1213 1183 1275 ἐπὶ
1196 1213 1298 1294 τούτῳ,
1314 1213 1404 1277 οὕτως

356 1311 447 1391 αὐτὴν
462 1318 591 1394 διαιρῶν,
608 1317 805 1394 προσκλαίειν
818 1317 875 1394 μὲν
890 1317 1070 1394 τετραετίαν,
1083 1314 1247 1394 ἀκροᾶσθαι
1258 1316 1300 1386 δὲ,
1313 1313 1403 1377 πέντε

356 1414 417 1493 έτη,
432 1417 609 1480 ὑποπίπτειν
630 1419 673 1492 δὲ,
698 1419 772 1479 ἑπτδ
795 1416 892 1496 ἔτερα,
916 1417 964 1479 καὶ
986 1418 1184 1479 συνίστασθαι
1205 1421 1267 1482 τοῖς
1287 1421 1404 1481 πιστοῖς

355 1516 404 1579 on
424 1518 604 1598 τετραετίαν,
622 1519 669 1580 καὶ
691 1519 803 1581 τούτων
826 1517 1064 1597 έκμετρουμένων
1082 1517 1222 1600 μετέχειν
1238 1523 1297 1581 τῶν
1317 1519 1403 1599 δγια·

353 1618 484 1698 σμότων.

720 1743 874 1810 CANON
897 1743 1036 1808 XXIII.

398 1881 480 1945 lbid.
496 1881 517 1945 l.
534 1903 582 1962 14.
603 1881 674 1946 Ἐπὶ
698 1883 846 1946 ἀκουσίων
876 1883 947 1965 δια]
977 1881 1112 1946 Zonsrae
1139 1877 1398 1945 Commentarius:

350 1984 440 2048 Τίνες
456 1984 533 2046 εἰσὶν
547 1984 681 2047 ἀκούσιοι
696 1987 784 2066 φόνοι
800 1987 848 2047 καὶ
862 1987 940 2052 τίνες
959 1986 1088 2048 ἑκούσιοι
1101 1987 1118 2048 ό
1132 1985 1226 2068 μέγας
1242 1990 1401 2052 Βασίλεισς

353 2086 387 2147 έν
401 2086 497 2169 όγδόρ
513 2085 602 2148 αὐτοῦ
626 2089 728 2150 κανόνι
747 2086 885 2167 ὁρίζεται,
908 2088 942 2149 έν
962 2088 996 2148 δὲ
1010 2090 1050 2171 τῷ
1074 2084 1128 2162 οἵ.
1158 2089 1262 2151 κανόνι
1284 2089 1333 2151 ἐπὶ
1354 2092 1401 2150 δε·

351 2188 472 2252 καετίαν
487 2187 685 2267 ἀκοινώνητον
701 2187 777 2252 εἶναι
791 2188 845 2251 τδν
861 2189 1006 2254 ἀκουσίως
1025 2192 1218 2269 φονεύσαντα
1236 2192 1399 2271 διορίζεται.

352 2292 442 2357 οὕτως
456 2294 489 2353 δὲ
504 2291 557 2369 τὴν
577 2293 730 2355 δεκαετίαν
753 2292 936 2372 καταμερίζει
959 2293 1001 2358 είς
1017 2291 1085 2357 τοὺς
1103 2293 1211 2360 τόπους
1229 2299 1289 2356 τῶν
1310 2295 1401 2356 έπιτι-

350 2395 435 2473 μίων·
459 2396 511 2458 δύο
533 2395 599 2474 μὲν,
623 2395 726 2476 φησίν,
750 2395 801 2474 έτη
822 2394 1027 2474 τροσκλαύσει
1048 2394 1104 2473 ἔξω
1126 2399 1178 2457 τοῦ
1200 2399 1273 2458 ναοΰ
1295 2395 1399 2462 ἑστός·

351 2496 465 2578 τρίαδέ
481 2496 532 2577 έτη
545 2497 578 2559 έν
592 2495 733 2578 ἀκροάσει
748 2497 843 2560 ἔσται·
866 2494 1001 2576 τέσσαρα
1016 2495 1048 2556 δὲ
1063 2493 1114 2573 έιη
1132 2495 1335 2571 ὑποπεσεῖται,
1352 2495 1400 2558 καὶ

350 2601 488 2664 ένιαυτδν
502 2599 693 2679 σταθήσεται,
711 2601 758 2663 καὶ
773 2601 813 2685 τῷ
830 2603 895 2678 ἑξῆς
910 2601 952 2665 είς
966 2600 1004 2660 τδ
1023 2597 1094 2679 όγια
1113 2593 1298 2678 δεχθήσεται.
1344 2596 1399 2659 Ad

350 2701 523 2767 homicidas
545 2702 772 2767 Involunturios
791 2702 876 2787 quod
898 2700 1026 2776 attinet,
1047 2720 1102 2763 eos
1124 2700 1273 2779 διαφόρως
1293 2700 1396 2763 ἑκονό-

350 2829 440 2869 νισαν
456 2804 619 2888 (inquiunt
634 2805 825 2869 recentiores
841 2804 1031 2887 interpretes
1046 2801 1150 2865 Graeci
1164 2801 1205 2863 sd
1217 2801 1397 2888 Pedalium)

348 2908 378 2969 οἱ
392 2906 450 2986 πρὸ
465 2910 515 2983 τῆς
531 2908 657 2969 συνόδου
673 2908 779 2986 ταύτης
794 2904 994 2987 διορισθέντες
1009 2906 1066 2967 δύω
1082 2905 1204 2969 κανόνες
1214 2904 1282 2984 περὶ
1293 2904 1398 2968 αὐτῶν.

346 3004 386 3070 Ὁ
400 3010 528 3089 μὲνγὰρ
543 3009 739 3088 παλαιότερος
754 3011 796 3075 είς
812 3010 887 3071 έπτδ
900 3007 1028 3089 χρόνους
1039 3007 1397 3080 κανονίζειτοθτουθ-

348 3109 365 3171 ό
381 3110 413 3171 δὲ
427 3108 681 3188 μεταγενέστερος
696 3110 793 3172 κανὼν
814 3112 856 3175 εἰς
874 3108 964 3171 πέντε
981 3108 1108 3189 χρόνους
1121 3106 1224 3172 αὐτοὺς
1240 3107 1395 3183 κονσνίζει.

348 3210 397 3273 At
418 3231 493 3272 vero
515 3210 556 3271 nd
584 3209 680 3272 imam
706 3210 837 3273 eandem
864 3209 1013 3295 paginam
1039 3207 1099 3271 hoe
1123 3207 1313 3271 adnotatum
1336 3220 1396 3271 est.

345 3308 386 3375 ‘O
400 3310 652 3392 μεταγενέστερος
667 3313 715 3375 καὶ
729 3313 863 3392 δεύτερος
877 3312 944 3392 περὶ
964 3316 1023 3374 τῶν
1042 3310 1187 3375 ἀκουσίως
1204 3311 1396 3389 φονευόντων

346 3411 455 3489 κανεδν,
476 3415 549 3480 ίσως
571 3412 648 3475 εἶναι
669 3414 755 3481 οὗτος
777 3412 793 3477 ὁ
817 3411 863 3495 κγ’
887 3410 985 3477 κσνῶν
1006 3417 1058 3491 τῆς
1078 3414 1230 3493 παρούσης
1252 3414 1390 3476 συνόδου.

348 3515 428 3579 Fine
440 3514 577 3579 Osuonis
592 3515 690 3581 habet
705 3517 896 3601 Beveregius
910 3515 1182 3580 consentientibus
1196 3516 1286 3579 codd.
1303 3516 1393 3578 Bodt.

345 3623 503 3698 πληρῶσαι
518 3640 577 3703 pro
592 3618 679 3683 edito
694 3619 855 3699 πληρώσει

708 3842 875 3908 CANON
900 3842 1034 3906 XXIV.

388 3970 425 4033 P.
446 3973 516 4034 126.
532 3971 553 4036 l.
571 3990 598 4035 2.
614 3978 673 4035 τῶν
688 3970 798 4056 ἐθνῶν]
817 3971 998 4054 Legendum
1015 3972 1110 4033 έθνῶν
1126 3970 1243 4055 (Vulpo
1257 3973 1391 4054 χρόνων)

341 4091 381 4134 ex
397 4070 525 4137 Zonnra
539 4084 573 4137 et
589 4073 712 4137 Latinis
727 4074 963 4158 interpretibus.
980 4073 1143 4135 Hnnuurn.
1188 4072 1291 4136 Immo
1306 4074 1392 4137 addo

341 4194 446 4249 οανισο,
471 4181 628 4259 quotquot
647 4174 848 4259 inspexerim,
870 4176 981 4239 codices
1000 4174 1192 4250 Bodbo'ooos,
1212 4181 1246 4239 et
1266 4175 1393 4238 οοόόσοισ

342 4275 501 4338 Cooooum
515 4274 742 4353 Jonelttaooo,
762 4275 914 4339 Gentinni
937 4271 1074 4337 Herveti
1096 4272 1252 4335 Onoooum
1275 4274 1393 4336 Vasio-

338 4394 417 4453 osm,
440 4374 596 4441 Joannem
618 4377 769 4442 Antioch.
793 4376 825 4441 S.
842 4376 995 4440 Busilium
1015 4374 1048 4437 in
1068 4373 1210 4458 Isps'stolu
1227 4374 1391 4450 θοιιοπίσα,
