3242 5150
366 391 431 462 146
702 382 1083 456 ANNOTA'PIONES

367 567 435 630 haec
449 565 587 650 epitome
602 563 634 626 in
651 561 865 626 Consiliorum
880 569 958 624 tom.
975 560 1017 623 iii.
1034 567 1117 644 part.
1134 558 1154 622 i.
1167 564 1245 623 sect.
1263 577 1288 619 ι.
1300 579 1332 642 p.
1346 557 1433 637 428*

368 666 445 730 edit.
471 665 659 731 Colonen.
686 665 776 728 1618.
825 661 877 726 Sic
902 661 1000 726 etism
1027 659 1215 744 Fulgentius
1239 658 1426 722 Ferrandus

368 767 531 832 Diaconos
566 763 849 850 Carthaginiensis,
884 763 1027 847 Dionysii
1065 762 1183 847 Exigui
1221 783 1351 846 suppar,
1389 759 1424 822 in

370 869 566 933 breviatione
596 867 774 943 Canonum,
798 866 944 930 ultimam
968 865 1063 949 hujus
1085 872 1212 948 partem
1238 863 1354 928 Latine
1378 862 1425 925 sio

368 971 477 1048 vertit,
509 971 549 1034 Ut
566 967 744 1053 Presbyteri
765 968 901 1032 civitatis
920 969 986 1031 sice
1000 967 1091 1050 jusso
1109 966 1263 1051 Episcopi
1276 965 1358 1029 nibil
1369 964 1425 1047 je

369 1071 466 1145 οσανν,
482 1093 534 1135 aec
555 1072 590 1135 ιἰι
612 1093 793 1156 unoquoque
808 1070 948 1155 parocia
964 1069 1090 1155 aliquid
1105 1077 1209 1154 σᾳσιιε.
1231 1067 1343 1132 Oooos'I.
1360 1068 1425 1129 Are

370 1174 526 1260 quiritatio
550 1173 585 1256 (i.
595 1195 622 1238 e.
652 1173 841 1257 Ancyrano)
864 1171 916 1236 tit.
936 1191 984 1253 13·
1034 1169 1128 1234 Unde
1153 1177 1282 1234 constat
1303 1165 1424 1252 aliquid

373 1276 509 1361 amplius
531 1276 563 1338 in
582 1275 642 1338 hoc
660 1297 781 1339 canone
801 1273 877 1337 olim
894 1272 1050 1348 extitisse,
1069 1293 1166 1356 quam
1185 1270 1280 1336 hodie
1297 1269 1424 1353 legitur.

373 1377 485 1461 Neque
501 1375 584 1440 euim
600 1375 749 1440 credibile
764 1383 826 1451 est,
840 1384 879 1438 ut
895 1373 929 1436 bi
949 1373 1069 1458 aliquid
1086 1374 1325 1447 intersererent,
1339 1369 1426 1454 quod

373 1480 404 1543 in
421 1479 491 1563 ipso
506 1484 598 1542 textu
623 1497 686 1540 non
705 1467 865 1560 legebant.
910 1473 962 1536 Ex
979 1473 1018 1537 iis
1036 1483 1145 1537 eutem
1163 1495 1274 1538 sensus
1295 1471 1429 1538 canonis

374 1580 566 1646 clarissimus
581 1578 747 1652 elicietur;
769 1584 806 1641 ut
826 1597 865 1640 eo
883 1575 1033 1639 nimirum
1052 1583 1183 1639 cautum
1200 1575 1253 1648 sit,
1269 1595 1328 1638 neo
1343 1574 1427 1639 oho-

373 1681 546 1766 repisoopis
568 1678 661 1742 licere
684 1677 894 1761 Presbyteros
914 1683 970 1740 eut
990 1676 1152 1740 Diaconos
1170 1675 1338 1750 ordinare;
1365 1695 1427 1740 neo

375 1781 576 1865 Presbyteris
591 1779 730 1843 civitatis
744 1777 865 1862 aliquid
879 1778 913 1840 in
924 1777 1068 1841 Ecclesia
1077 1799 1174 1862 agere
1185 1778 1254 1842 sine
1264 1783 1427 1863 praecepto

376 1880 534 1965 Episcopi.
582 1879 647 1942 Ubi
674 1877 772 1942 stiam
796 1879 909 1942 ultimo
935 1879 1130 1954 observetur,
1156 1899 1266 1942 omnes
1288 1877 1428 1942 Latinos

375 1983 576 2066 interpretes,
588 2001 652 2043 nne
660 1997 732 2042 cum
741 1979 763 2043 J
764 2001 867 2044 oanne
877 1980 1090 2057 Antiocheno,
1101 2002 1159 2065 pro
1169 1979 1288 2044 ultimis
1296 1978 1430 2043 canonis

374 2083 479 2148 verbis
495 2085 529 2145 ἒν
545 2081 630 2165 ἑτέρᾳ
644 2083 790 2164 παροικίᾳ,
807 2081 899 2165 longe
914 2081 1032 2146 rectius
1046 2081 1159 2167 legisse
1181 2085 1216 2146 ἐν
1238 2082 1348 2160 ἑκάστῃ
1367 2107 1426 2144 πα·

375 2186 481 2267 ροικίᾳ.
509 2181 590 2246 Haec
605 2180 911 2245 BEVEREGIUS.
935 2181 1375 2248 Ouuvsroabeodissidcam
1385 2181 1429 2245 de

376 2289 436 2350 hoo
452 2305 584 2360 oenone,
598 2284 689 2366 cujus
703 2281 832 2367 quidem
847 2291 880 2347 st
895 2285 1054 2369 scriptura
1068 2292 1102 2350 et
1116 2284 1341 2370 interpretatio
1355 2304 1429 2347 oum

376 2385 602 2472 presbyteralis
609 2384 1068 2470 ordinationisquaestionetam
1076 2387 1430 2472 propeoonjunguntur,

378 2496 415 2554 ut
424 2489 464 2552 de
473 2487 512 2552 iis
520 2486 728 2573 exposuerint
740 2486 880 2552 illustres
891 2488 1061 2573 scriptores
1071 2489 1255 2566 Salmasius,
1266 2487 1429 2563 Petavius,

379 2592 614 2666 Hammondus,
635 2590 675 2654 de
696 2590 821 2665 Merca,
838 2590 975 2675 aliique;
999 2591 1117 2656 idcirco
1139 2592 1276 2677 primum
1296 2592 1337 2655 de
1354 2612 1432 2655 vera

378 2694 513 2759 lectione
529 2690 659 2756 canonis
677 2691 792 2765 dicere,
808 2692 924 2756 deiude
938 2692 979 2756 de
997 2692 1139 2776 ejusdem
1153 2692 1430 2778 interpretatione,

378 2794 532 2878 pluribus,
548 2814 644 2877 quam
660 2792 806 2877 congruit
822 2793 855 2856 in
878 2814 999 2857 morem
1021 2814 1127 2857 meum
1145 2800 1203 2858 aut
1220 2794 1431 2867 voluntatem,

379 2896 553 2980 disquirere
569 2915 696 2957 necesso
711 2894 834 2981 habe03
857 2916 920 2977 quo
935 2894 1050 2959 elarius
1064 2894 1125 2959 boo
1139 2895 1284 2973 indicem,
1299 2895 1345 2959 nil
1361 2916 1429 2959 om·

379 2998 454 3061 nino
475 2993 671 3080 patrocinari
693 2994 902 3079 presbyterali
924 2995 1116 3060 ordinationi
1142 3016 1295 3061 canonem
1321 2998 1429 3081 Aney-

380 3118 500 3173 ranum,
516 3094 642 3159 etiamsi
665 3095 762 3171 absit,
782 3097 868 3179 quod
890 3098 982 3161 nobis
1003 3098 1205 3163 commendat
1224 3098 1431 3183 Beveregius,

379 3196 816 3269 additamentumLatinum
842 3220 900 3263 neo
911 3200 991 3264 bene
1002 3200 1075 3264 inde
1086 3200 1146 3265 sibi
1158 3200 1321 3286 collegisse
1329 3200 1427 3265 Blon·

380 3302 506 3375 dedum,
524 3299 815 3384 “presbyterorum
829 3301 971 3387 collegia,
986 3302 1127 3387 episcopi
1141 3303 1261 3389 proprii
1275 3323 1431 3367 consensu

381 3416 403 3445 ‘⁸
421 3404 555 3481 munita,
572 3423 644 3465 eum
661 3424 734 3466 vero
754 3403 938 3487 postulante
957 3404 1044 3469 nulla
1066 3404 1135 3490 lege
1152 3406 1270 3482 divina,
1290 3405 1346 3469 sed
1363 3404 1437 3495 solat

382 3515 404 3545 ‘⁶
420 3505 623 3569 ecclesiarum
649 3512 782 3588 cogente
806 3505 1005 3581 necessitate,
1027 3506 1241 3571 omnimodam
1263 3503 1365 3570 ubivis
1385 3505 1433 3569 lo-

382 3615 401 3643 “
418 3628 527 3671 eorum
553 3606 790 3671 ordinationum
820 3614 1015 3692 potestatem
1039 3608 1217 3673 habuisse?
1260 3607 1352 3693 Apol.
1370 3626 1434 3691 ρον

383 3710 659 3775 soloecismo.
676 3716 753 3773 sect
769 3708 812 3772 iii.
828 3730 858 3793 p.
873 3709 942 3792 158.

428 3810 529 3895 Vulgo
545 3810 672 3894 quidem
687 3808 732 3873 sio
747 3810 859 3874 Graece
874 3809 989 3887 editur,
1005 3815 1254 3890 Xepsawxdrour
1267 3811 1308 3890 μὴ
1323 3814 1435 3889 ἐξεῖναι

383 3912 604 3993 πρεσβυτέρους
617 3910 636 3991 ἢ
651 3914 804 3980 διακόνους
819 3918 1014 3995 χειροτονεῖν,
1030 3914 1113 3976 ἀλλὰ
1125 3915 1199 3992 μηδὲ
1213 3912 1436 3994 πρεσβυτέρους

383 4016 509 4086 πόλεως,
525 4014 615 4096 χωρὶς
635 4018 687 4075 τοῦ
704 4015 898 4093 ἐπιτραπῆναι
918 4013 976 4077 ὑπὸ
999 4018 1051 4075 τοῦ
1067 4016 1230 4078 ἐπισκόπου
1248 4017 1324 4091 μετὰ
1341 4040 1435 4094 γρομ·

382 4113 484 4195 μάτων
500 4116 533 4177 ἐν
548 4114 634 4195 ἑτέρᾳ
648 4113 703 4193 (al.
717 4112 838 4195 ἑκάστῃ)
852 4118 1000 4201 παροικίᾳ.
1032 4114 1176 4200 Dionysii
1186 4114 1304 4200 Exigui
1320 4115 1436 4189 Vereis,

385 4216 450 4280 sive
466 4214 565 4277 Codes
579 4213 736 4275 Uononem
751 4214 896 4279 Ecclesiae
910 4219 1057 4281 Romano
1080 4218 1183 4292 Vero,
1197 4216 1246 4281 ita
1264 4238 1299 4280 se
1317 4216 1437 4291 habet;

388 4314 608 4400 Olorepoiseopis
622 4334 682 4377 ooo
697 4314 787 4379 licere
794 4314 981 4401 presbyteros
994 4327 1050 4381 eut
1063 4318 1205 4384 dioceseos
1217 4318 1373 4391 ordinere,
1384 4318 1439 4382 sed
