3242 5150
289 416 341 478 IN
367 409 624 478 ANCYRANI
650 411 868 476 CONCILII
893 411 1123 476 CANONES.
1168 413 1233 479 129

178 583 310 669 gieusis,
324 581 372 646 vir
386 579 596 656 doctissimus,
612 600 694 665 ques,
709 579 784 663 quis
798 580 840 643 ed
860 579 1006 645 notitiam
1026 580 1229 665 praebendem

179 686 346 769 utriusque
361 682 484 748 concilii
499 682 630 758 seciunt,
646 703 685 747 eo
698 681 849 746 libentius
863 682 924 746 huc
939 681 1079 746 efferam.
1120 691 1140 718 ‘⁶
1151 681 1230 744 Dili-

181 796 202 824 ⁶‘
216 787 345 873 gentius
373 786 450 849 mihi
480 782 694 849 consideranti
725 783 787 867 (eit
814 783 973 868 Werdus)
1000 805 1063 868 quo
1088 790 1231 867 tempore

180 899 202 926 “
220 888 323 974 prime
350 888 514 952 (lenonum
541 885 692 952 (lollectio
715 885 802 950 fecte
825 893 921 962 esset,
947 885 1063 970 duplex
1093 886 1232 950 occurrit

180 1000 202 1028 ‘⁶
221 991 305 1055 retio
323 1011 394 1074 quae
416 1009 466 1052 me
489 989 521 1051 in
545 989 626 1052 hene
649 987 840 1052 sententiam
862 987 974 1064 trsxit,
997 996 1035 1051 ut
1054 986 1231 1051 existimem

182 1092 356 1178 “primum
378 1098 411 1154 et
429 1090 683 1174 antiquissimum
700 1087 1006 1154 Homo-cenonicum
1029 1111 1068 1152 ex
1084 1089 1230 1165 Nicaenis‚

180 1203 203 1232 “
224 1193 414 1278 Ancyreuis,
425 1191 741 1268 Neocoeseriensibus,
752 1192 999 1277 Gangrensibus,
1012 1191 1232 1269 Antiochenis,

182 1306 203 1332 “
222 1296 413 1360 Laodicenis
428 1294 617 1370 (lenonibus,
631 1295 851 1380 compositum,
865 1295 951 1359 iuter
963 1315 1015 1358 en.
1024 1297 1099 1379 364.
1111 1303 1145 1359 et
1157 1295 1231 1380 381.

181 1406 205 1434 ⁶‘
222 1406 296 1483 post
313 1397 537 1472 Leodicenum,
554 1405 587 1461 et
601 1405 677 1462 ente
692 1396 1080 1483 Oonstentinopohteuum
1095 1397 1231 1481 primum

183 1507 205 1536 “
221 1500 254 1562 in
280 1521 376 1564 unum
403 1521 517 1585 corpus
539 1507 684 1564 coactum
706 1499 811 1564 fuisse.
858 1500 952 1563 Prior
973 1499 1108 1563 fuudetu
1128 1506 1179 1564 est
1201 1499 1233 1561 in

182 1610 203 1637 “
221 1600 326 1666 verbis
341 1601 485 1686 Dionysii
509 1601 542 1665 in
559 1601 704 1686 Epistola
724 1603 763 1664 ed
787 1601 985 1687 Stephanum
1001 1600 1232 1676 Selenitenum,

183 1713 203 1741 ⁶⁶
219 1703 273 1788 qui
288 1725 360 1767 cum
376 1712 503 1769 secutus
518 1704 561 1768 sit
572 1704 737 1788 antiquum
752 1704 903 1768 Graecum
915 1703 1233 1778 Homocenouicum‚

182 1815 204 1841 ‘⁶
221 1805 385 1890 perspicue
410 1806 504 1870 docet
527 1806 728 1891 supradictos
755 1806 900 1870 Oenones
926 1827 1128 1869 numerorum
1153 1805 1234 1869 serie

182 1918 204 1944 ⁶⁶
221 1908 425 1972 continuatos
446 1907 521 1971 olim
542 1907 639 1971 fuisse
660 1929 749 1970 cnxv.
770 1908 1140 1992 Constantinopolimnos
1159 1929 1234 1970 vero

184 2023 205 2044 '⁴
223 2010 369 2075 Oenones
383 2031 465 2074 nove
480 2009 560 2074 serie
576 2017 609 2074 et
622 2011 752 2074 seorsim
765 2019 957 2076 numeratos.
981 2012 1137 2093 Quorsum
1150 2010 1234 2074 enim

184 2121 204 2149 ⁶⁶
221 2133 376 2176 summam
399 2112 560 2198 colligeret
583 2111 748 2176 Gnnonum
771 2112 1028 2200 precedentium,
1049 2113 1233 2199 prinsquam

181 2213 335 2279 “recitet
361 2212 743 2298 Constantinopolitanos,
769 2215 959 2298 eosdemque
981 2214 1062 2278 serie
1087 2215 1127 2278 de
1153 2235 1234 2277 novo

182 2323 205 2353 ‘⁶
221 2315 398 2392 inchoaret,
418 2315 444 2378 si
462 2315 494 2379 iu
515 2323 642 2380 vetusto
657 2315 772 2380 Graeco
794 2317 913 2393 codice,
936 2338 999 2402 quo
1020 2338 1097 2380 usus
1118 2325 1177 2392 est,
1200 2315 1234 2379 hi

183 2425 205 2454 “
221 2439 357 2482 conones
373 2439 436 2481 une
453 2419 626 2502 sedemque
640 2419 720 2482 serie
735 2419 909 2484 continuati
927 2419 1060 2482 fuissent
1080 2439 1151 2481 cum
1169 2418 1230 2502 pri-

185 2532 206 2554 ⁶⁶
223 2519 351 2585 oribus!
375 2519 539 2585 Firmetur
558 2519 662 2585 adhuc
682 2520 750 2585 haec
770 2521 854 2586 retio
873 2520 1057 2605 conjecture
1075 2520 1178 2605 petite
1195 2541 1235 2584 ex

183 2630 207 2660 “
223 2623 299 2687 Act.
316 2646 382 2685 xvi.
403 2623 534 2688 Ooucilii
555 2623 703 2688 Ohelced.
722 2623 775 2687 ubi
794 2622 1023 2688 Constantinus
1038 2622 1236 2687 Secreterius

184 2724 340 2809 “relegit
366 2724 513 2789 Nicoenos
543 2726 687 2790 (lenones
716 2749 755 2789 ex
784 2728 902 2804 codice,
930 2725 999 2810 (qui
1028 2725 1235 2811 proculdubio

184 2835 209 2863 ⁶⁶
225 2826 308 2889 idem
324 2834 395 2891 eret
414 2848 485 2890 cum
506 2826 570 2904 illo,
586 2850 625 2892 ex
650 2849 713 2912 quo
733 2828 883 2913 leguntur
903 2830 1051 2892 Ceuoues
1070 2832 1116 2891 ro.
1133 2835 1166 2891 et
1186 2844 1233 2911 17.

185 2935 207 2963 “
224 2926 341 3011 Synod.
360 2928 551 2992 Antiochen.
570 2928 709 2994 Actione
726 2953 770 2994 xr.
792 2930 845 3014 qui
863 2930 1045 2994 coincidunt
1067 2952 1138 2994 cum
1154 2932 1234 2994 Cen.

185 3038 209 3067 “
225 3051 293 3093 xcv.
309 3036 343 3094 et
358 3050 438 3093 xcvi.
454 3028 540 3093 tituli
556 3030 682 3103 codicis,
699 3031 791 3116 plene
802 3033 898 3116 juxte
909 3032 1021 3096 seriem
1034 3054 1236 3097 numerorum

186 3138 207 3165 ⁶‘
222 3130 255 3194 in
281 3130 388 3195 codice
414 3132 528 3197 Graeco
553 3152 616 3216 quo
640 3154 715 3197 usus
741 3142 791 3198 est
817 3134 1002 3219 Dionysius)
1027 3142 1141 3220 postes
1163 3156 1235 3198 cum

185 3240 208 3269 ⁶⁶
224 3231 302 3317 legit
311 3230 458 3296 (lenones
471 3231 855 3320 Constantinopohtenos,
863 3236 908 3300 sic
918 3236 1038 3321 incipit,
1051 3236 1237 3320 Synodicem

186 3342 209 3371 “
228 3334 358 3399 Ooocilii
388 3335 720 3420 omnipopotens.
767 3337 883 3403 Altera
910 3338 994 3403 ratio
1017 3338 1121 3422 petits
1146 3349 1237 3403 este

187 3444 207 3473 “
221 3435 317 3502 titulo
331 3436 463 3521 praefixo
481 3438 663 3502 (lenonibus
678 3440 858 3524 Ancyranis
879 3446 914 3503 et
930 3440 1238 3505 Neocaeseriensibus

187 3546 207 3573 ⁶⁶
222 3538 254 3601 in
280 3537 401 3603 Graecis
423 3538 669 3624 Exempleribus
694 3552 728 3606 et
751 3540 860 3606 codice
885 3542 1089 3628 Mognntino,
1111 3551 1146 3609 et
1167 3544 1238 3608 eliis

186 3648 207 3677 ‘⁶
225 3639 352 3703 Latinis
380 3638 593 3715 editionibus;
627 3641 681 3705 ubi
705 3663 777 3705 cum
801 3642 986 3707 collectores
1011 3642 1103 3727 primi
1129 3642 1240 3707 dicent

187 3752 210 3779 ⁶⁶
226 3741 414 3826 praepositos
424 3740 521 3806 fuisse
536 3742 568 3805 in
584 3744 644 3807 hoc
659 3744 767 3808 codice
783 3745 929 3809 (lenones
940 3743 1093 3809 Nicaenos
1107 3754 1239 3831 propter

187 3852 210 3882 ⁶⁶
225 3844 454 3909 authoritatem
461 3844 678 3910 OEcumeuicee
688 3846 817 3931 Synodi‚
828 3830 1029 3912 menifestum
1038 3850 1237 3913 estnondum

187 3954 210 3985 ⁶‘
226 3946 396 4010 secundem
424 3946 665 4013 OEcumenicem
692 3948 856 4034 Synodum
884 3948 1030 4015 habitem
1052 3949 1158 4014 fuisse.
1203 3952 1238 4015 Si

187 4056 208 4085 “
225 4047 309 4111 enim
330 4048 476 4113 (lenones
498 4048 843 4135 Constantinopoliteni
860 4051 929 4137 jem
951 4051 1142 4129 extitissent,
1166 4074 1237 4115 cum

189 4156 210 4187 ⁶⁸
225 4149 312 4213 fecte
325 4159 410 4215 esset
425 4150 493 4215 haec
508 4152 611 4236 prime
622 4152 775 4227 collectio,
788 4174 853 4217 une
863 4175 936 4217 cum
947 4152 1089 4218 Nicoenis
1100 4154 1236 4238 priorem

189 4258 211 4290 ⁶⁶
226 4251 330 4315 locum
345 4251 568 4331 obtinuissent,
581 4276 652 4317 cum
668 4254 744 4319 illud
760 4253 934 4319 Ooucilium
955 4277 1013 4339 pro
1029 4255 1239 4320 OEcumeuicc

188 4362 209 4389 “
224 4353 321 4418 etiem
337 4352 512 4419 habitum.”
527 4356 740 4442 Epidohmm
761 4357 918 4421 Usseriac.
934 4357 977 4419 xi.
992 4380 1024 4441 p.
1041 4374 1092 4439 27.
1125 4357 1241 4421 Oonler

187 4463 223 4520 et
236 4455 362 4520 initium
382 4456 525 4541 epistolae
549 4457 670 4523 Usserii
690 4459 731 4524 od
753 4460 856 4543 ipsum
871 4458 1031 4523 Wordum
1046 4481 1077 4544 p.
1093 4460 1144 4521 18.
1191 4458 1239 4520 At

231 4578 300 4621 von.
317 4579 360 4623 ιν.
704 4583 719 4622 e
