3242 5150
300 407 477 474 ANNOT.
502 406 553 471 IN
578 405 764 472 CONCIL.
788 407 997 474 NBOCAES.
1022 410 1281 479 CANON.18'l

230 601 375 644 sumans
398 587 467 644 unt
486 579 706 664 quinquaqinta
729 578 884 664 Bpiecopi,
907 588 936 642 st
955 578 1117 645 ediderunt
1136 590 1280 668 muor-

229 683 328 748 ‹lccim
341 704 464 746 cosmus
478 682 515 745 de
529 681 663 766 coujayio
677 691 705 745 et
718 678 928 745 socerdolilac.
974 680 1019 746 Et
1034 681 1078 746 sic
1088 683 1187 748 etiam
1201 683 1281 768 pris-

229 806 276 848 coe
290 783 440 848 editionis
456 781 580 848 Lutinae
597 798 699 858 autor,
720 789 752 846 et
768 782 940 867 Dionysius
954 781 1110 868 Exiguus,
1125 793 1159 850 et
1174 784 1277 850 Isido-

230 907 285 950 rus
300 886 465 950 Mercator
487 883 726 969 quatuordecim
744 893 872 948 tontum
891 907 1028 949 canones
1048 885 1121 952 huic
1136 886 1278 952 Concilio

229 987 425 1063 adscribunt,
436 985 592 1050 decimum
604 985 747 1062 tertium,
758 992 792 1050 et
802 986 959 1050 decimum
971 993 1121 1072 quartum
1133 986 1167 1051 in
1181 1009 1279 1052 unum

229 1090 466 1155 contrahentes.
497 1088 718 1152 BEVEREG.
776 1088 857 1154 (lum
886 1087 1014 1152 omniuo
1046 1089 1185 1154 debeant
1216 1091 1280 1155 duo

229 1191 262 1254 hi
285 1212 422 1256 canones
441 1190 525 1254 inter
544 1211 579 1254 se
598 1190 758 1275 conjungi,
780 1189 969 1256 Latinorum
990 1211 1049 1275 ego
1071 1191 1282 1275 computatio-

230 1314 302 1358 nem
317 1292 481 1376 amplexus
499 1312 589 1366 sum;
621 1292 671 1356 oui
692 1292 779 1358 iuvet
796 1292 949 1358 Uenerius
968 1292 1224 1380 archiepiscopus
1245 1293 1279 1357 in

229 1394 371 1480 Bpslrtolt
390 1415 448 1458 sua
470 1415 500 1458 x.
516 1415 589 1479 pag.
606 1396 653 1459 18.
669 1394 746 1459 edit.
763 1393 866 1458 Lond.
887 1396 979 1460 simul
1003 1417 1077 1461 vero
1100 1397 1280 1482 Gangrensi

228 1495 507 1562 conciliocenones
518 1494 630 1581 viginti
647 1518 706 1582 pro
714 1495 911 1582 undeviginti
919 1497 1143 1562 adnumerans.
1161 1499 1281 1563 Verum

229 1597 387 1662 enimvero
412 1597 485 1662 huie
509 1597 682 1661 recensioni
705 1598 856 1662 accedere
877 1599 978 1683 possit
999 1601 1048 1663 vel
1070 1600 1185 1664 Graeca
1205 1621 1279 1664 anc-

228 1699 354 1774 toritas‚
370 1699 486 1785 quippe
501 1721 572 1763 cnm
587 1722 621 1764 se
636 1721 687 1764 ree
701 1698 847 1763 similiter
866 1700 986 1767 habeut
1003 1701 1037 1764 in
1056 1701 1142 1766 codd.
1164 1700 1279 1768 desolat

228 1801 418 1876 Bodleiano,
444 1821 578 1886 qnorum
603 1801 686 1865 alter
709 1798 816 1864 saeculi
841 1800 997 1866 undecimi
1022 1810 1082 1879 est,
1109 1803 1278 1888 inquibus

229 1926 292 1968 xiv.
304 1911 428 1968 tantum
438 1903 584 1968 Oenones
594 1903 864 1968 Neooaesarienses
878 1912 1092 1968 recensentur.
1117 1905 1153 1970 ls
1167 1913 1276 1971 nutem

229 2026 360 2069 numero
378 2011 444 2087 196.
465 2005 609 2089 signatus
630 2013 690 2069 est.
735 2003 845 2068 Simile
864 2013 1021 2089 praestsnt
1041 2013 1074 2070 et
1092 2005 1182 2070 ccdcc
1206 2007 1277 2072 Vin-

228 2105 401 2172 dodonearis
414 2106 595 2172 lilliotleon
608 2128 691 2168 xciv.
707 2106 837 2169 secund.
852 2129 1000 2172 numeros
1014 2107 1141 2172 Kollor.
1158 2108 1212 2194 qni
1226 2116 1278 2174 est

228 2210 376 2294 annona·
404 2231 479 2294 pars
507 2209 614 2294 prior;
649 2207 876 2292 Symeonisque
900 2211 1040 2295 Bpilame
1067 2212 1223 2276 &mam
1244 2212 1278 2276 in

228 2319 318 2377 tomo
331 2312 363 2376 ii.
381 2310 529 2376 Btttttt.
545 2313 619 2375 Jur.
637 2311 750 2374 Canon.
776 2311 839 2374 Vel.
855 2333 886 2395 p.
904 2332 976 2393 724.
1008 2314 1104 2378 Adde
1120 2314 1194 2378 MS.
1213 2315 1276 2378 226

227 2415 313 2499 apud
331 2413 424 2478 codd.
441 2413 562 2478 Nonius
572 2435 601 2497 p.
614 2433 656 2493 44
657 2428 677 2497 5
695 2412 844 2497 Catadupi.
873 2412 1080 2499 Eundemque
1094 2423 1277 2499 computum

228 2537 249 2580 a
264 2515 383 2581 Photio
397 2515 430 2586 in
444 2516 654 2581 Nemoturicae
672 2523 831 2579 secretum
855 2515 960 2593 luisse,
979 2516 1120 2582 ostendit
1135 2515 1157 2580 J
1158 2516 1277 2582 aoobus

230 2619 468 2685 Ieschnsserius
493 2619 526 2683 in
550 2618 783 2683 concentione
815 2618 972 2706 particula
1002 2618 1134 2705 praetixn
1162 2619 1274 2683 eidem.

228 2721 421 2787 Bibliotheca
435 2744 466 2806 p.
484 2742 493 2785 r
500 2742 529 2805 3.
546 2742 639 2806 quem
653 2721 736 2785 inira
750 2719 847 2785 attuli
862 2720 902 2783 de
916 2720 977 2783 hnc
991 2740 1025 2782 re
1046 2727 1275 2784 memorantem

226 2826 269 2891 ud
284 2826 403 2891 Canon.
421 2824 524 2889 XIII.
550 2826 651 2886 Porro
666 2822 716 2886 hic
726 2824 836 2887 Canon
847 2834 945 2906 atque
956 2842 1032 2905 pers
1042 2820 1112 2904 ejus
1120 2821 1277 2905 posterior

228 2927 260 2991 iu
274 2949 372 2991 unum
387 2926 573 2991 coaluerunt
588 2924 620 2988 in
634 2923 657 2987 J
660 2923 771 2987 oannis
788 2922 977 2987 Antiocheni
994 2922 1150 2985 Gomara
1165 2922 1275 2987 Colloc-

226 3030 304 3093 tione
317 3051 373 3093 seu
387 3028 520 3112 Dicente,
537 3026 683 3091 vicesimo
697 3026 800 3110 primo
815 3024 923 3089 Titulo
938 3022 1150 3098 collectionis,
1166 3023 1227 3089 etsi
1242 3023 1276 3089 in

227 3130 292 3196 Tit.
315 3152 405 3194 xxrn.
449 3128 559 3194 Gnuon
581 3127 712 3192 ultimus
733 3148 791 3211 per
812 3146 962 3202 errorem,
985 3122 1076 3188 utin
1098 3123 1214 3188 errntis
1236 3123 1277 3188 ol.

226 3233 365 3298 editores
379 3232 472 3297 Juris
493 3234 608 3293 Conon.
625 3227 822 3293 Bibliotheca
834 3232 1035 3303 monuerimt,
1050 3246 1135 3289 num.
1151 3223 1196 3289 ιε’.
1210 3247 1275 3290 non

227 3334 273 3399 ιδ’.
289 3334 476 3419 designatus
497 3339 557 3397 est.
604 3331 666 3395 Sed
682 3330 765 3394 enim
779 3330 897 3416 legitur
920 3330 966 3393 ιδ’.
983 3327 1015 3391 in
1030 3326 1168 3393 Joonnis
1181 3328 1276 3393 Meto

226 3436 393 3501 Bodleiano
414 3456 498 3499 num.
523 3436 574 3496 86.
597 3433 734 3516 signeto,
758 3431 876 3515 inquo
901 3429 1030 3515 quidem
1056 3428 1164 3493 codice
1186 3428 1274 3493 haud

226 3536 321 3601 semel
336 3536 475 3621 positum
489 3534 529 3597 do
544 3532 593 3597 his
608 3532 782 3597 canonibus
795 3531 947 3608 invenias,
959 3533 1019 3596 <oi
1029 3534 1062 3595 a
1074 3534 1274 3612 τὰκεφαλαῖα

225 3638 371 3719 τέσσαρες
386 3638 434 3705 καὶ
447 3636 527 3701 δέκα.
573 3634 653 3699 (lum
673 3655 746 3697 vero
767 3642 1027 3718 praetermorem
1044 3654 1146 3698 canon
1166 3631 1275 3717 penul·

225 3740 323 3803 timus
340 3738 486 3803 bifarium
505 3736 623 3802 divisus
642 3733 753 3797 fuisset
773 3734 806 3796 iu
829 3733 968 3819 Bpslomc
984 3735 1149 3809 Oanonma,
1164 3731 1217 3817 qui
1232 3732 1275 3797 eb

226 3840 394 3907 Hadriano
409 3840 436 3903 Ι.
456 3838 571 3905 tlorolo
585 3835 633 3899 Μ.
655 3834 766 3899 Romae
788 3834 888 3899 oblati
909 3842 997 3914 sunt,
1020 3834 1200 3919 quindecIm
1222 3854 1275 3899 ca-

225 3962 323 4007 nones
336 3942 476 4027 epitome
489 3940 544 4005 illa
559 3938 727 4015 recensuit,
743 3936 956 4002 renitentibus
972 3935 1042 4001 eliis
1061 3935 1220 4013 omnibus,
1233 3940 1273 3999 nt

224 4043 301 4122 dixi,
314 4042 448 4109 Latinis.
493 4042 565 4106 Vid.
581 4049 657 4105 tom
675 4039 726 4105 vii.
746 4038 858 4105 Ocnoil.
874 4039 927 4104 ed.
940 4038 1055 4103 Labbe
1068 4043 1103 4102 et
1118 4036 1263 4103 coma
