3242 5150
355 389 398 452 28
650 389 898 467 RELIQUIAE
924 390 1103 455 SACRAE.

746 665 930 741 ΚΑΝΩΝ
960 667 1002 742 E.

410 817 496 895 Τοῖς
520 812 558 892 δὲ
576 810 944 914 καθυποκρικαμένοις,
963 811 1056 892 κατὰ
1074 810 1165 892 ”rim
1183 815 1398 913 ε’πιληπτευ·

357 944 514 1045 σάμενον
534 949 657 1040 Aaou
674 943 800 1045 ἵναμὴ
819 943 993 1050 ἀποθάνῃ,
1007 947 1071 1024 οὐκ
1090 944 1176 1026 ὄντα
1193 947 1403 1046 ἐπίληπτον·

358 1076 416 1152 καὶ
447 1072 498 1171 μὴ
528 1079 670 1175 γυμνῶς
702 1072 1020 1179 ἀπογραψαμένοις
1046 1071 1093 1151 τὰ
1121 1074 1212 1177 πρὸς
1241 1072 1404 1176 ἄρνησιν,

358 1205 458 1286 ἀλλὰ
486 1207 696 1314 διαπαίξσσι
720 1205 812 1286 κατὰ
834 1205 981 1306 πολλὴν
1010 1208 1252 1311 στενοχωρίαν
1272 1211 1337 1309 (ὡς
1359 1206 1432 1308 άνς

358 1341 482 1420 παιδία
508 1339 722 1438 βουλευτικοί
743 1341 907 1448 ἔμφρονα
929 1342 967 1420 ἐν
988 1343 1138 1424 παιδίοις
1166 1341 1321 1448 α’ίφροσι)
1341 1341 1406 1426 τὰς

358 1480 431 1554 τῶν
454 1478 594 1579 ἐχθρῶν
618 1473 822 1573 ἐπιβουλάς,
845 1474 925 1574 vitot
949 1479 997 1558 ὡς
1028 1472 1227 1560 διελθόντες
1251 1475 1407 1576 βωμοὺς,

358 1609 437 1709 ἢτοι
460 1614 508 1695 ὡς
534 1609 897 1719 χειρογραφῆσαντες,
921 1611 1001 1710 ἤτοι
1019 1614 1066 1695 ὡς
1084 1613 1161 1690 ἀνθ’
1181 1613 1315 1690 ἑαυτῶν
1338 1619 1408 1706 βα-

359 1745 484 1832 λόντες
516 1748 684 1831 ε’θνικοάς·
722 1755 752 1827 εἰ
784 1749 846 1826 καί
873 1783 969 1827 τισιν
999 1749 1116 1826 αὐτῶν
1147 1747 1408 1852 συνεχάρησὼ

359 1913 450 1963 τινες
468 1887 540 1959 τῶν
566 1879 883 1982 ὁμολογησάντων,
902 1885 949 1963 ὡς
975 1880 1125 1979 ἤκουσα,
1144 1884 1219 1962 ε’πεὶ
1244 1881 1457 1981 μάλισταιο

361 2012 452 2092 κατά
469 2012 615 2112 πολλὴν
631 2013 821 2109 εὐλάβειαν
834 2013 1011 2121 ἐξέφυγον
1028 2013 1226 2119 αὐτόχειρες
1240 2016 1408 2119 γενέσθω

361 2157 425 2227 τοῦ
441 2145 563 2250 πυρὸς,
583 2151 641 2226 καὶ
659 2152 723 2246 τῆς
735 2146 1007 2246 ἀναθυμιάσεως
1020 2155 1093 2226 τῶν
1110 2148 1322 2251 ἀκαθάρτων
1334 2155 1409 2228 δαι-

361 2279 491 2380 μόνων
519 2285 593 2362 ἐπεὶ
617 2283 734 2362 τοίνυν
758 2283 887 2362 ἔλαθεν
909 2281 1034 2364 αὐτοὺς
1059 2285 1160 2388 άνοίηι
1182 2293 1287 2362 τοῦτο
1311 2284 1406 2388 πρά-

362 2416 507 2522 ξαντας·
540 2417 635 2514 ὅμως
666 2415 840 2522 ἑξάμηνος
866 2418 984 2498 αὐτοῖς
1012 2413 1256 2515 ἐπιτεθήσεται
1282 2423 1345 2516 τῆς
1373 2422 1411 2498 ἐν

362 2555 530 2661 μετανοίᾳ
559 2556 794 2661 ἐπιστροφῆς.
828 2555 921 2633 οὕτω
949 2550 1021 2656 γάρ
1050 2559 1195 2651 μᾶλλον
1223 2556 1281 2633 καὶ
1311 2556 1410 2634 αὐτοὶ
1427 2597 1433 2633 ι
1440 2595 1457 2653 5

364 2690 675 2796 ὠφεληθήσονται,
680 2698 987 2790 καταμελετῶντες
998 2689 1040 2769 τὸ
1053 2689 1278 2796 προφητικὸν
1291 2689 1410 2795 ῥητὸν,

365 2829 423 2905 καὶ
442 2829 619 2926 λέγοντες·
650 2829 823 2905 ΙΙΠαιδίον
840 2825 1010 2929 ἐγεννήθη
1030 2828 1124 2925 ἡμῖν,
1139 2824 1211 2911 υίὸς
1231 2830 1289 2906 καὶ
1307 2826 1411 2926 ε’δόθη

913 3059 991 3118 rint:
1018 3060 1131 3119 etiamsi
1154 3058 1289 3118 nonnulli
1311 3080 1411 3118 eorum

506 3123 658 3182 CANON
680 3123 719 3181 V·
913 3140 964 3218 qui
991 3142 1115 3199 confessi
1139 3151 1218 3207 sunt,
1244 3151 1278 3199 ut
1303 3139 1411 3209 audivi,

402 3221 551 3280 Iisuutem
561 3220 863 3298 quisimulsruntsic·
914 3219 1060 3297 aliquibus
1093 3240 1193 3278 eorum
1229 3220 1411 3278 condonave·
1424 3240 1463 3280 20

366 3312 400 3360 ut
420 3312 451 3360 et
470 3301 572 3367 David,
594 3301 645 3377 qui
673 3320 703 3359 so
727 3300 863 3380 epilepti—
914 3310 1002 3359 runt:
1032 3302 1169 3376 quonism
1194 3300 1321 3358 maxims
1344 3320 1413 3359 esu.

366 3402 431 3440 cum
461 3381 596 3459 fingebat,
625 3401 662 3439 ne
691 3392 864 3447 moreretur,
915 3381 995 3439 tione
1023 3381 1163 3446 vitarunt,
1192 3400 1229 3438 ne
1263 3380 1318 3460 ipsi
1352 3380 1413 3439 suis

366 3460 497 3539 quumvis
508 3480 608 3520 revers
621 3462 795 3540 epilepticus
805 3482 864 3519 non
915 3460 1048 3519 manibus
1062 3461 1159 3538 ignem
1174 3461 1295 3528 ferrent,
1310 3472 1340 3519 et
1354 3461 1413 3518 δω-

367 3552 461 3608 esset;
481 3552 511 3600 et
522 3561 580 3599 non
592 3541 670 3601 nude
681 3542 864 3620 negotionem
915 3560 1016 3599 mones
1032 3540 1162 3619 impuros
1175 3540 1323 3600 suffirent:
1346 3560 1412 3599 oum

367 3622 586 3701 inscripserunt,
598 3622 649 3681 sed
661 3623 690 3680 in
702 3622 803 3681 multis
813 3642 866 3679 un.
916 3621 1035 3679 latuerit
1056 3620 1098 3678 eis
1118 3621 1245 3679 stultitia
1265 3620 1345 3679 illius
1363 3621 1412 3697 qui
1426 3640 1461 3698 25

367 3702 480 3780 gustus,
495 3713 631 3779 tanquam
648 3704 729 3781 pueri
745 3702 867 3761 consilio
917 3702 1005 3760 fecit:
1029 3701 1071 3759 eis
1093 3710 1230 3760 semestre
1247 3702 1415 3779 imponetur

368 3793 398 3840 et
409 3782 564 3860 prudentia
574 3783 699 3862 praediti,
709 3784 866 3861 interpue·
917 3782 947 3838 in
957 3781 1131 3875 poenitentis
1141 3780 1345 3840 conversionis.
1365 3781 1415 3838 Sic

369 3882 415 3920 ros
435 3862 605 3940 insipientes
623 3863 806 3921 inimicorum
821 3863 866 3920 in·
917 3882 993 3920 enim
1017 3862 1072 3939 ipsi
1090 3881 1206 3938 quoque
1222 3862 1315 3939 magis
1329 3862 1414 3937 juva·

368 3941 456 4000 sidiss
469 3940 610 4000 ludificati
620 3954 689 4002 sunt
699 3966 708 4013 ;
725 3942 805 4001 velut
816 3943 867 4018 qui
918 3943 1037 4007 buntur,
1055 3942 1204 4019 propheto
1223 3940 1333 4000 dictum
1354 3961 1415 3999 me-

370 4021 406 4079 ud
423 4021 525 4079 ulteris
535 4022 717 4089 accesserint,
732 4022 778 4081 vel
792 4032 868 4080 tam-
918 4021 1055 4086 ditantes,
1066 4032 1097 4079 et
1107 4021 1252 4080 dicentes:
1271 4022 1416 4079 Paruulus
1425 4044 1465 4099 30

369 4122 456 4178 quam
465 4102 515 4179 qui
527 4100 658 4160 libellum
668 4101 811 4171 dederint,
822 4100 868 4160 vel
919 4110 1063 4160 natusest
1086 4102 1175 4169 nobis,
1187 4110 1213 4160 et
1225 4102 1308 4177 filius
1330 4104 1416 4159 dotus

370 4183 419 4259 qui
442 4202 495 4262 pro
516 4202 546 4241 se
565 4182 696 4239 ethnicos
717 4182 866 4240 summiso'·
918 4191 959 4240 est
971 4182 1057 4248 nobis,
1069 4180 1205 4260 olfactus
1216 4191 1257 4241 est
1266 4182 1414 4261 principo-

567 4371 589 4401 m
606 4376 615 4409 ι
630 4360 690 4425 Rog.
701 4362 750 4409 xxi.
766 4376 801 4423 13.
1080 4374 1094 4402 ¹¹
1108 4363 1142 4412 Is.
1151 4363 1184 4410 in.
1197 4361 1220 4411 6.
