3242 5150
402 421 444 485 74
752 419 1104 484 ANNOTATIONES

401 598 631 675 comparuerat.
678 588 707 652 N
710 611 769 654 unc
785 600 895 655 extare
909 613 1062 654 canonem
1076 612 1147 655 cum
1163 591 1257 655 titulo
1272 591 1303 654 in
1316 591 1450 655 Pedalie

402 693 590 755 Graecorum
620 692 729 766 video;
765 693 966 778 innotuitque
1000 693 1075 757 mihi
1109 715 1148 756 ex
1184 693 1270 757 brevi
1303 695 1449 758 Chroniei

401 787 564 859 Peschelie
579 817 634 859 seu
658 795 866 859 Alexandrini
889 796 1078 880 fragmento,
1094 795 1178 880 qnod
1198 795 1327 878 quidem
1348 818 1450 880 nuper

400 897 511 962 Romae
526 897 626 962 edidit
636 898 693 962 cel.
705 899 848 984 Angelus
859 898 966 964 Maius
980 899 1012 961 in
1028 899 1130 983 primo
1142 897 1312 960 Volumine
1323 905 1447 982 portu.

399 1022 431 1085 p.
453 1018 525 1073 222,
559 999 745 1064 Collectimris
769 1021 835 1064 suae
872 1001 935 1064 Vct.
961 1001 1160 1085 Scriptorum,
1192 999 1353 1063 Tricentio
1384 1000 1448 1063 eui·

399 1102 473 1167 dem
490 1101 625 1166 Librum
640 1123 730 1166 suum
748 1103 798 1166 De
815 1102 940 1166 Pascha
955 1102 1076 1166 misisse
1089 1102 1223 1166 Petrum
1234 1101 1324 1165 Alex.
1336 1101 1449 1166 Verbo

398 1214 484 1280 sunt,
498 1203 614 1284 Πέτρος
628 1207 679 1282 τῆς
691 1204 916 1286 Ἀλεξανδρέων
928 1207 1087 1283 ἐκκλησίας
1102 1206 1264 1271 ἐπίσκοπος
1279 1206 1312 1268 έν
1326 1209 1367 1290 τῷ
1381 1206 1448 1286 περὶ

399 1311 450 1369 τοῦ
465 1305 579 1389 Πάσχα
592 1307 696 1388 λόγον,
714 1307 749 1371 δν
762 1310 923 1392 Τρικεντίιρ
938 1309 995 1371 τινὶ
1009 1306 1129 1389 γράφει.

445 1411 481 1473 Ρ.
494 1427 546 1493 45.
567 1409 587 1473 l.
605 1429 653 1496 13.
672 1408 903 1497 προστέτακται]
928 1410 980 1473 Ex
1004 1411 1077 1473 MS.
1099 1411 1173 1495 Ιίορ.
1192 1412 1285 1495 2038.
1309 1419 1343 1475 ot
1364 1410 1446 1487 eliis,

398 1511 445 1576 itu
467 1519 504 1576 ut
527 1512 558 1575 in
573 1520 676 1588 textu,
693 1513 795 1578 locum
811 1511 978 1597 legendum
997 1534 1035 1576 se
1057 1512 1266 1597 supplendum
1281 1534 1361 1589 esse,
1380 1534 1446 1575 mo-

398 1612 468 1678 nuit
483 1613 520 1678 cl.
538 1613 726 1679 Hurduinus
746 1617 788 1680 ed
804 1638 893 1680 orem
908 1615 1057 1680 editionis
1075 1637 1141 1678 snae
1159 1614 1373 1687 Ooncilirnum,
1388 1635 1446 1698 pro

397 1715 810 1801 ονίραίίο,-προσετέτακτο.
835 1718 890 1796 τὴν
912 1719 969 1798 μὲν
992 1721 1049 1799 γὰρ
1069 1717 1194 1799 τετράδα
1209 1744 1234 1781 κ.
1247 1742 1272 1780 τ.
1285 1725 1315 1780 λ.
1335 1718 1390 1795 τὴν
1413 1720 1446 1780 δὲ

397 1819 597 1898 παρασκευὴν,
621 1819 666 1881 ὅτι
688 1817 776 1885 αὐτὸς
797 1820 871 1899 ὑπὲρ
893 1820 974 1899 ἡμῶν
997 1819 1098 1881 ἔπαθε.
1126 1819 1265 1898 κνριακὴν
1282 1820 1315 1881 δὲ
1335 1844 1445 1901 χαρμο-

397 1921 497 1999 σύνης,
522 1918 580 1994 vel,
602 1921 686 2003 quod
707 1921 739 1983 in
762 1921 865 1984 verbis
887 1920 1006 1984 ultimis
1028 1919 1125 1983 etiam
1149 1921 1363 2004 imperfectius
1384 1931 1443 1997 est,

396 2023 449 2101 τὴν
472 2020 505 2086 δὲ
526 2026 717 2104 παρασκεύην
739 2027 936 2108 χαρμοσύνης.
971 2023 1146 2089 Ootelerius
1165 2044 1290 2107 quoque
1309 2024 1351 2086 ud
1368 2025 1445 2086 Gon-

396 2125 456 2188 stit.
472 2128 578 2210 Apost.
594 2125 626 2188 ii.
638 2143 692 2210 59.
708 2127 739 2190 id
755 2126 912 2189 referente
927 2125 1107 2200 Gallendio,
1126 2127 1210 2188 huno
1225 2127 1388 2188 Cononem
1404 2148 1443 2189 ex

397 2228 503 2312 Repiis
516 2228 617 2292 MSS.
633 2234 709 2293 ente
726 2226 929 2291 Herduinnm
944 2228 989 2292 sio
1008 2227 1203 2292 restituerat.
1250 2228 1355 2289 Immo
1371 2248 1444 2291 vero

396 2331 493 2395 verbe
508 2331 618 2394 eadem
639 2330 784 2396 extitisse
805 2329 838 2393 in
858 2330 958 2394 codice
980 2331 1072 2405 Titii,
1090 2329 1288 2392 Hervetiuns
1302 2329 1444 2412 ejusdem

394 2431 630 2518 interpretatio,
646 2455 716 2518 quie
730 2454 815 2496 enno
830 2432 949 2517 prodiit
968 2436 1059 2517 1561.
1075 2431 1226 2496 ostendit.
1267 2433 1383 2514 ltaque
1399 2431 1443 2495 sic

395 2555 429 2599 se
444 2556 479 2599 rs
500 2535 648 2614 habente,
664 2557 737 2601 enm
755 2543 913 2621 praeterea
934 2557 1030 2601 omncs
1050 2533 1215 2600 Bodleiano?
1233 2533 1443 2619 manuscripti,

395 2637 568 2722 corticisque
592 2637 758 2723 cujusdem
782 2638 966 2702 Ooislieioni
988 2639 1072 2723 quod
1097 2660 1194 2722 penes
1215 2659 1265 2701 me
1290 2644 1341 2701 est
1366 2659 1443 2721 epo·

394 2740 563 2824 graphum‚
586 2740 652 2804 iere
674 2741 785 2804 endem
808 2750 974 2824 praestent,
996 2741 1028 2804 in
1051 2749 1176 2805 textum
1199 2741 1295 2804 verbe.
1317 2740 1443 2803 demum

395 2841 510 2926 recepi.
567 2842 712 2926 Denique
741 2841 817 2906 illud
847 2845 1064 2924 προστέτακται
1092 2849 1270 2927 agnoscunt
1304 2864 1355 2906 see
1383 2842 1445 2905 elii

395 2944 511 3006 Mese
527 2952 645 3028 praeter
655 2944 782 3006 codicem
799 2946 867 3028 Βσρ.
878 2946 1100 3029 Zonaremque
1115 2943 1327 3007 scholiastam.
1351 2944 1443 3006 Nunc

394 3051 521 3107 constet
537 3043 698 3107 nobiseum
714 3045 880 3108 convenire
896 3045 927 3107 in
940 3046 1085 3109 omnibns
1096 3046 1274 3122 Palatium,
1287 3046 1346 3109 nisi
1358 3048 1443 3129 quod

394 3146 425 3210 in
441 3168 479 3210 eo
494 3154 596 3221 extet,
611 3146 665 3224 τὴν
680 3148 711 3209 δὲ
728 3146 867 3225 ποριστὴν
880 3168 939 3230 pro
953 3147 1007 3224 τὴν
1021 3151 1078 3228 γὰρ
1095 3174 1121 3210 κ.
1136 3148 1191 3211 ubi
1206 3149 1328 3211 interea
1341 3149 1440 3211 edno-

395 3255 500 3312 tutum
521 3255 581 3324 est,
597 3250 630 3310 dv
652 3249 768 3323 ἄλλοις,
784 3247 839 3326 τὴν
859 3251 917 3330 γάρ
932 3276 958 3312 κ.
996 3248 1078 3311 Tum
1100 3272 1172 3332 quse
1196 3249 1301 3333 positu
1324 3248 1442 3312 ibidem

393 3358 443 3415 est
466 3373 487 3415 a
502 3350 622 3415 Graecis
638 3349 776 3415 Cononis
797 3350 955 3434 expositio
977 3359 1050 3435 post
1069 3372 1160 3415 voees
1183 3355 1257 3415 κατὰ
1275 3352 1443 3432 παράδοσιν

394 3453 501 3529 habet,
518 3453 721 3531 άποστολιιτην
736 3450 858 3530 δηλαδή.

437 3554 519 3618 Ibid.
542 3555 595 3633 τὴν
617 3558 673 3633 μὲν
695 3555 918 3634 τετράδα-την
940 3558 972 3619 δὲ
993 3554 1201 3639 παρασκευὴν]
1225 3556 1331 3622 Verba
1352 3558 1442 3621 valde

392 3654 500 3720 affinia
514 3657 612 3721 hebet
628 3658 754 3721 Auctor
770 3658 893 3721 Οοιιςιίι.
910 3661 1017 3743 Apost.
1029 3658 1083 3722 lib.
1095 3680 1123 3722 r.
1140 3680 1211 3742 cup.
1229 3679 1240 3721 ι
1245 3679 1276 3741 5.
1306 3661 1443 3741 Τετράδσ

393 3759 425 3820 δὲ
441 3760 489 3821 καὶ
510 3758 701 3840 παρασκευὴν
722 3761 908 3843 προσέταξεν
923 3760 1099 3842 (Christus)
1115 3762 1184 3840 ἡμῖν
1205 3763 1369 3841 νηστεύειν,
1390 3760 1443 3840 τὴν

392 3860 448 3937 μὲν
463 3864 511 3923 διὰ
526 3861 580 3939 τὴν
595 3865 767 3942 προδοσίαν,
783 3864 839 3942 τὴν
854 3865 886 3927 δὲ
903 3868 951 3927 διὰ
968 3863 1002 3926 τὸ
1017 3864 1120 3929 πάθος.
1145 3863 1207 3928 vid.
1222 3865 1327 3927 Marc.
1341 3864 1401 3928 xiv.
1415 3884 1441 3927 1.

393 3962 534 4025 Easdem
549 3962 614 4027 sere
634 3986 746 4027 cousus
767 3966 996 4029 observationis
1016 3974 1049 4030 et
1064 3966 1168 4030 cultus
1186 3966 1333 4041 tetredis,
1348 3988 1441 4051 paro·

393 4084 512 4140 soenes,
527 4065 651 4149 dieique
667 4064 776 4130 itidem
794 4066 978 4143 Dominieae,
994 4076 1248 4131 memoraverunt
1262 4069 1442 4132 Victorinus

394 4164 524 4249 Mnrtyr
538 4164 587 4233 De
605 4166 759 4231 annren
778 4168 902 4231 Mnunr
923 4191 1029 4253 supro,
1046 4170 1105 4232 vol.
1119 4171 1190 4233 111.
1208 4173 1324 4255 p.456.
1363 4171 1438 4254 Epi·

393 4266 528 4352 phaniue
543 4264 653 4354 Eepoe.
673 4269 788 4333 Οοιίιοί.
804 4270 900 4335 Fide-i
916 4272 945 4353 δ.
957 4272 1035 4336 xxii.
1050 4294 1122 4357 pag.
1139 4292 1228 4353 1104.
1244 4274 1294 4337 ed.
1305 4273 1440 4350 Petavii,
