3242 5150
355 415 420 478 202
691 413 1070 477 ANNOTATIONES

354 584 437 648 Ηιαα
451 583 503 647 iiie
519 607 550 668 p.
566 603 614 666 13.
630 583 744 667 quibus
758 583 819 646 hoe
838 583 950 654 addas,
973 577 1126 666 appellari
1147 602 1168 662 α
1184 579 1303 643 Photio
1324 579 1408 642 deei-

355 707 442 749 mum
465 696 625 770 quartum,
649 685 703 769 qui
726 706 829 748 oanou
852 685 983 749 ultimus
1005 686 1056 760 sit,
1077 685 1111 748 in
1131 683 1237 768 ospite
1263 682 1409 768 proxime

354 793 508 872 sequente
522 785 598 848 illud
614 809 635 850 α
651 785 874 849 Lesohesserio
889 795 1182 851 commemoratum.
1216 787 1297 851 Pars
1310 808 1407 870 porro

353 888 513 972 posterior
527 887 658 972 hujusce
673 885 814 950 Canonia
829 886 963 950 intituli
983 887 1072 951 tertii
1088 887 1193 972 eapite
1207 897 1321 951 octove
1337 896 1407 950 tuu-

357 1011 452 1074 quem
468 989 609 1053 desimus
623 987 737 1053 tertius
752 1009 854 1052 oenon
869 988 987 1052 aliatus
1002 996 1061 1052 est.

400 1093 437 1156 P.
454 1093 522 1175 185.
538 1091 560 1154 l.
568 1109 600 1175 5.
616 1089 792 1172 Ἐπιχόριοι
802 1091 1014 1175 πρεσβύτεροι]
1029 1094 1052 1153 J
1055 1113 1174 1154 oannes
1190 1090 1343 1155 Antioeh.
1353 1091 1404 1155 tit.

354 1193 419 1256 xxi.
435 1193 512 1277 legit
528 1194 680 1274 ἐπιχώριοι
696 1190 885 1270 ἐπίσκοποιῆ
906 1195 1115 1273 πρεσβύτεροι,
1136 1202 1169 1257 et
1188 1215 1271 1268 mox,
1293 1195 1341 1256 καὶ
1363 1195 1406 1258 είς

354 1295 446 1378 εὐχὴν
461 1295 556 1378 κληθῇ
573 1295 730 1376 ἐπιχώριος
743 1295 843 1372 μόνος.
861 1293 1025 1356 Haemum.
1070 1296 1101 1357 A
1113 1295 1233 1359 Ioanne
1246 1295 1359 1378 scripto
1374 1294 1406 1355 in

353 1395 546 1461 bibliotheca
563 1395 654 1459 Bodl.
670 1395 788 1458 reetius
803 1396 921 1459 absunt
937 1418 1031 1459 voees
1046 1398 1204 1459 ἐπίσκοποι
1218 1396 1246 1474 ἤ.

398 1497 483 1560 lbid.
505 1495 679 1580 Ἐπιχόριοι
701 1500 912 1582 πρεσβύτεροι]
940 1498 1014 1561 Ηοο
1036 1506 1096 1572 est,
1117 1495 1292 1580 Presbyteri
1309 1499 1404 1572 ruris,

352 1606 390 1664 ut
404 1599 576 1683 Dionysius
592 1599 735 1683 Exiguus
750 1610 838 1663 reete
853 1599 959 1663 vertit.
985 1599 1023 1661 lu
1039 1599 1098 1662 hoo
1113 1600 1196 1662 enim
1211 1608 1245 1663 et
1259 1600 1404 1683 sequenti

352 1723 472 1766 esnone
483 1701 544 1787 [vel
557 1701 662 1784 potius
673 1701 733 1764 hoe
744 1701 824 1774 solo,
833 1700 988 1783 siquidem
999 1701 1031 1763 iu
1043 1701 1199 1786 plerisque
1211 1701 1405 1765 editionibus

354 1803 478 1868 Ietinis
500 1803 573 1866 huie
595 1801 646 1864 ille
668 1801 885 1886 conjungitur]
907 1802 947 1865 de
969 1802 1134 1888 Episcopis
1152 1810 1185 1867 et
1201 1803 1403 1886 Presbyteris

351 1904 435 1968 ruris
448 1905 564 1989 egitur,
580 1911 737 1990 quatenus
757 1904 798 1966 ab
822 1903 861 1966 iis
882 1903 1132 1988 distinguuntur,
1147 1905 1200 1988 qui
1222 1902 1253 1965 in
1272 1903 1404 1967 urbibus

352 2003 519 2070 constituti
535 2015 629 2081 suut;
652 2011 686 2068 et
702 2003 783 2068 tales
798 2003 925 2088 quidem
942 2004 1135 2089 Presbyteri,
1148 2005 1298 2086 ἐπιχώριοι
1313 2029 1404 2084 πρεσ-

351 2110 482 2187 βύτεροι,
501 2115 535 2170 et
556 2106 706 2190 Episcopi
726 2109 949 2190 χορεπίσκοποι
966 2107 1177 2192 appellantur.
1223 2105 1269 2171 Et
1288 2104 1348 2168 illis
1370 2103 1404 2167 in

351 2209 439 2272 urbis
462 2208 640 2285 Dominieo,
661 2215 820 2292 praesente
835 2208 994 2292 Episoopo
1011 2219 1069 2273 aut
1088 2209 1286 2293 Presbyteris
1305 2208 1404 2284 urbis,

351 2311 465 2374 offerre
489 2309 697 2395 prohibetur3
730 2309 912 2373 bisantem
937 2311 1144 2395 permittitur.
1190 2310 1283 2373 Adeo
1312 2318 1349 2373 ut
1375 2309 1402 2372 si

352 2413 473 2477 nullum
499 2413 585 2476 aliud
615 2419 798 2498 suppeteret
824 2421 1057 2497 argumentum,
1082 2412 1155 2476 hino
1179 2411 1294 2475 saltem
1319 2410 1404 2476 olere

352 2515 431 2579 setis
446 2514 619 2593 evineetur,
630 2514 883 2600 Cborepiseopos
898 2537 961 2579 non
975 2515 1071 2579 fuisse
1086 2516 1261 2597 ἐπιχωρίους
1271 2519 1404 2595 πρεσβυ-

352 2618 465 2699 πέρους,
475 2618 741 2702 utpoteaquibus
750 2616 801 2680 hie
812 2617 1011 2701 apertissime
1020 2618 1269 2701 distinguuntur.
1291 2616 1404 2701 Neque

352 2740 429 2783 eane
460 2718 525 2783 ulia
552 2720 643 2783 reddi
672 2726 780 2805 potest
805 2718 900 2794 ratio,
924 2741 1022 2803 quare
1044 2719 1089 2781 illi
1111 2722 1344 2801 χορεπίσιτοποι,
1369 2718 1402 2782 bi

352 2822 713 2904 ἑπιχόριοιπρεσβύτεροι
724 2820 923 2884 dioerentur:
938 2819 998 2883 nisi
1009 2820 1093 2905 quod
1103 2820 1148 2884 ilii
1157 2842 1229 2885 vere
1241 2820 1402 2906 Episcopi,

351 2930 385 2987 et
410 2922 443 2985 bi
469 2944 543 2986 vere
566 2916 750 3007 Presbyteri
772 2922 804 2985 in
827 2944 901 2985 rure
923 2921 1090 2986 constituti
1112 2930 1230 2987 essent.
1274 2922 1338 2987 Sed
1360 2924 1402 2987 de

352 3022 595 3107 Cborepiseopis
624 3022 747 3099 videsis,
778 3045 849 3106 quas
876 3024 976 3087 fusius
1004 3024 1209 3088 commentati
1236 3046 1344 3087 sumus
1367 3025 1402 3087 in

350 3123 614 3189 annotationibus
638 3123 681 3187 ad
706 3124 862 3187 deoimum
891 3126 1024 3191 tertium
1049 3126 1169 3211 Synodi
1195 3126 1403 3211 praecedentis

351 3228 417 3291 sive
431 3228 613 3310 Aneyranae
628 3246 791 3289 canonem.
815 3225 1040 3293 BEVEREG.
1087 3228 1205 3293 Positae
1216 3229 1401 3293 sunt-infra.

351 3352 384 3415 p.
397 3348 470 3395 ατο.

396 3430 481 3494 lbid.
495 3429 517 3493 l.
529 3431 563 3495 ό.
586 3428 783 3514 προσφίρειν]
804 3431 998 3513 Προσφίρειν
1017 3440 1051 3496 et
1065 3434 1179 3497 διδόναι
1198 3435 1243 3497 sie
1264 3456 1400 3499 oomme-

351 3540 456 3597 rnorat
470 3533 580 3597 Canon
596 3532 715 3615 synodi
728 3533 870 3596 Niecenoe
878 3555 970 3595 xvrrr.
999 3530 1120 3597 Ἦλθεν
1132 3538 1174 3602 είς
1185 3536 1239 3614 τήν
1249 3539 1339 3618 ἁγίαν
1351 3539 1400 3600 καὶ

350 3636 487 3719 μεγάλην
502 3637 641 3709 σύνοδον,
656 3636 702 3699 ὅτι
722 3635 756 3699 ἐν
770 3661 832 3699 τισι
850 3637 953 3702 τόποις
967 3636 1016 3698 καὶ
1035 3637 1145 3699 πόλεσι
1159 3643 1221 3703 τοῖς
1234 3640 1402 3719 πρεσβυτέ-

350 3763 414 3818 ροις
427 3737 482 3816 τὴν
497 3738 690 3821 εὐχαριστίαν
704 3740 734 3801 ot
748 3738 881 3802 διόιονοι
895 3739 1039 3800 διδόασιν·
1062 3738 1164 3819 ὥσπερ
1179 3739 1275 3802 edred
1291 3738 1399 3813 ιανῶν,

350 3840 418 3903 utne
431 3839 450 3917 ἡ
465 3839 608 3917 συνήθεια
620 3838 783 3919 παρέδωκε,
795 3838 863 3904 τοὺς
874 3840 1013 3916 ἐξουσίαν
1020 3838 1061 3917 μὴ
1070 3838 1195 3921 ἔχοντας
1203 3840 1399 3921 προσφέρειν,

348 3944 413 4004 τοῖς
425 3937 633 4019 προσφέρουσι
647 3940 761 4001 διδόναι
776 3938 810 4001 τό
826 3944 913 4016 σῶμα
926 3943 978 4001 τοῦ
994 3944 1137 4019 Χριστοῦ.
1189 3976 1196 3987 ·

394 4037 477 4102 Ibid.
492 4038 512 4101 l.
525 4040 556 4101 6.
573 4041 720 4119 παρόντος
735 4041 898 4103 ἐπισκόπου
912 4036 931 4117 ἦ
944 4040 1157 4122 πρεσβυτέρων
1168 4044 1297 4125 πόλεως]
1317 4042 1400 4107 Haee

349 4137 447 4201 verbs
471 4137 502 4199 iu
529 4137 600 4201 MS.
624 4137 881 4202 Amerbeehieno
909 4138 1142 4205 desiderantur.
1198 4141 1263 4205 Sed
1290 4164 1401 4207 omues

349 4236 403 4301 alii
426 4237 549 4303 oodiees
571 4238 687 4315 Graeci,
710 4260 774 4302 una
795 4262 868 4303 eum
891 4240 1019 4303 Joonne
1040 4241 1255 4319 Antioeheno‚
1277 4243 1399 4328 legunt,

348 4337 496 4421 παρόντος
514 4341 677 4403 ἐπισκόπου
696 4338 714 4419 ἦ
734 4342 941 4423 πρεσβυτέρου
960 4344 1084 4409 πόλεως.
1131 4344 1224 4407 Adeo
1238 4353 1276 4408 ut
1291 4352 1402 4409 noster
