3242 5150
332 422 364 485 S.
387 419 605 484 DIONYSII
630 420 776 485 ALux.
800 419 865 484 DE
890 421 1105 487 NATURA.
1179 423 1244 489 407

198 623 309 690 νησεν
333 589 378 669 ἂν
404 589 529 696 ὥσπερ
553 593 826 697 συνῃσθημένος
851 593 985 689 ἑαυτοῦ,
1004 595 1063 671 καὶ
1080 590 1175 673 εἶπεν
1198 593 1244 673 ἂν

197 725 239 802 οὐ
268 723 357 826 πρὸς
386 723 450 807 τὰς
478 723 642 824 ἀτόμους,
669 723 770 803 ἀλλὰ
797 723 889 828 πρὸς
917 723 980 804 τὸν
1010 725 1156 830 Πατέρα
1186 731 1244 808 καὶ

199 857 359 958 Ποιητὴν
390 860 525 939 ἑαυτοῦ·
567 860 633 939 ΙΑἱ
662 859 775 963 χεῖρές
802 892 873 939 σον
906 859 1075 940 ἕτλασᾰν
1102 895 1156 959 με,
1187 866 1244 942 καὶ

197 993 371 1093 ἐποίησάν
394 1023 450 1093 με·
484 997 541 1074 καὶ
571 995 953 1101 προσετεξειργιίσατο
977 994 1022 1075 ἂν
1046 999 1094 1079 ὡς
1117 998 1244 1080 ἐκεῖνος

170 1123 261 1218 5τὸν
279 1127 480 1226 θαυμάσιον
498 1133 562 1226 τῆς
578 1127 757 1229 ποιήσεως
773 1131 899 1209 ἑαυτοῦ
920 1131 1064 1233 τρόπον,
1083 1128 1157 1210 “Ἢ
1178 1133 1244 1236 οὐχ

198 1260 323 1365 ὥσπερ
340 1261 439 1363 γάλα
457 1296 502 1360 με
520 1263 690 1368 ἤμελξος,
709 1263 892 1367 ἐτόρωσας
913 1265 955 1343 δι’
975 1298 1019 1363 με
1037 1265 1103 1344 ἰ’σα
1120 1273 1214 1374 τυρῲ
1229 1299 1239 1363 ;

199 1394 311 1498 δέρμα
333 1399 392 1474 καὶ
415 1396 519 1499 κρέας
542 1431 587 1494 με
610 1398 788 1494 ἐνέδυσας,
807 1397 947 1480 ὀστέοις
968 1396 1006 1476 δὲ
1030 1401 1088 1476 καὶ
1112 1402 1245 1501 νεύροις

199 1532 411 1636 μέἕνειρας·
440 1530 530 1633 ζωὴν
556 1530 674 1613 δὲκαὶ
699 1533 798 1616 ἕλεος
825 1535 909 1613 ἔθου
935 1535 1019 1637 παρ’
1044 1536 1131 1632 ἐμοὶ,
1161 1535 1245 1636 ἡδὲ

199 1667 376 1766 ἑπισκυιτή
400 1701 471 1746 σον
494 1667 659 1774 ἐφόλαξέ
677 1703 747 1766 μον
770 1668 813 1748 τὸ
836 1678 986 1768 πνεῦμα.
1023 1668 1153 1753 Πόσας
1173 1669 1245 1773 γὰρ

155 1837 190 1874 ιο
200 1802 353 1903 ἀτόμους
371 1805 391 1883 ὁ
409 1802 623 1907 Ἐπικούρου
639 1803 769 1907 πατὴρ,
788 1808 846 1884 καὶ
870 1803 1036 1889 τοταπὰς
1054 1804 1098 1910 ἐξ
1121 1807 1246 1886 ἑαυτοῦ

199 1937 377 2043 προέχεεν,
398 1937 448 2017 ὅτ’
468 1939 755 2040 ἀπεστέρμαινεν
772 1941 1008 2042 Ἐπίκουρον;
1032 1942 1090 2020 καὶ
1107 1945 1185 2022 πῶς
1198 1946 1246 2023 εὶς

200 2071 266 2171 τὴν
288 2079 456 2180 μητρῴαν
480 2075 588 2154 αὑτοῦ
612 2080 927 2156 κατακλεισθεῖσαι
950 2076 1122 2177 γαστέρα,
1141 2109 1247 2154 συνε-

199 2206 383 2308 πάγησαν,
411 2208 746 2312 ἐσχηματίσθησαν,
778 2207 1054 2313 ἐμορφιόθησαν,
1082 2206 1243 2308 ἐκινήθη·

200 2377 285 2437 σαν,
303 2342 557 2448 ηὐξύνθησαν;
585 2345 643 2423 καὶ
665 2340 809 2425 πολλὰς
834 2343 857 2441 ἡ
880 2350 1030 2446 βραχεῖα
1056 2344 1155 2444 ῥανὶς
1183 2341 1248 2427 τὰς

155 2512 189 2571 15
199 2479 414 2582 Ἐπικούρου
431 2477 585 2576 ἀτόμους
602 2477 939 2582 προσκαλεσαμένη,
957 2477 1023 2562 τὰς
1040 2475 1105 2576 μὲν
1129 2480 1242 2579 ἐπημ-

201 2617 327 2719 φίεσεν
350 2615 467 2692 αὐτῶν
499 2614 611 2715 δέρμα
640 2616 698 2693 καὶ
725 2612 846 2716 σάρκα
875 2612 1075 2715 γενομένας,
1104 2620 1180 2696 ταῖς
1209 2613 1247 2693 δὲ

202 2751 437 2838 ὀστωθείσαις
462 2749 679 2850 ἠνιόρθωται,
698 2756 775 2832 ταῖς
799 2747 838 2827 δὲ
860 2747 1032 2847 συνεδὲθη
1061 2751 1248 2854 νευρορρα-

202 2885 392 2992 φονμένη·,
418 2881 527 2962 τότε
552 2881 653 2961 ἄλλα
677 2880 804 2962 πολλὰ
825 2880 930 2982 μέλη,
955 2886 1012 2961 καὶ
1037 2880 1248 2987 σπλάγχνα,

202 3081 268 3120 oum
292 3060 389 3117 animo
413 3068 563 3138 reputaret
587 3078 650 3128 auo,
674 3057 700 3115 ie
750 3066 808 3117 tum
820 3078 918 3116 meum.
947 3058 1030 3130 Quot
1038 3058 1126 3125 enim,
1136 3058 1247 3128 amabo,

156 3141 333 3220 aoprofecto
354 3139 436 3198 velut
456 3139 487 3196 in
508 3139 614 3197 suimet
633 3158 698 3196 aen·
749 3149 780 3198 et
805 3137 968 3218 eujusmodi
992 3149 1103 3197 atomos
1126 3138 1249 3217 Epicuri

202 3242 266 3280 eum
291 3219 444 3287 adductus,
472 3229 586 3298 raperet
610 3217 698 3283 illico,
749 3230 833 3298 pater
847 3240 883 3278 ex
898 3218 1081 3298 aeprofudit,
1096 3238 1161 3277 oum
1175 3218 1249 3297 Epi.

202 3312 290 3378 atque
305 3300 360 3358 hoo
377 3320 457 3367 voce,
479 3319 538 3357 non
555 3298 616 3375 jam
635 3309 697 3357 ato·
750 3300 1081 3379 curumproseminaret?
1092 3298 1249 3369 Quomodo

201 3402 274 3448 mos,
289 3380 340 3439 aed
362 3380 479 3439 Patrem
499 3380 561 3457 ipae
581 3380 700 3437 Creato-
749 3379 781 3437 in
805 3380 907 3439 matria
929 3379 992 3456 ejus
1010 3379 1107 3439 alvum
1131 3377 1249 3437 inclusio

202 3480 321 3538 remque
339 3480 424 3520 auum
445 3458 615 3538 appellaret,
632 3460 699 3516 Mo·
750 3460 930 3525 coaluerunt.
945 3459 1067 3538 liguram
1079 3478 1112 3517 ac
1126 3459 1248 3516 formam

155 3555 191 3614 25
203 3562 255 3599 και
268 3551 322 3600 tuae
325 3539 525 3619 formaverunt
541 3559 594 3604 me,
609 3549 635 3596 et
645 3536 700 3616 se.
749 3550 933 3618 acceperunt,
976 3549 1127 3599 commotu
1167 3547 1248 3604 sunt,

203 3630 300 3679 cerunt
314 3642 364 3679 me.
400 3620 442 3678 Et
456 3618 700 3697 quemadmodum
751 3629 843 3677 auctae
858 3623 947 3678 aunt?
970 3618 1126 3691 Quomodo
1137 3638 1184 3676 roa
1199 3616 1248 3677 ille

202 3701 276 3761 alter
289 3702 348 3771 ille,
364 3698 561 3759 admirabilem
573 3698 699 3757 molitio·
750 3700 935 3778 perexiguus,
961 3697 1100 3777 plurimae
1124 3696 1248 3775 Epicuri

202 3783 248 3841 nia
269 3802 329 3840 auae
357 3781 498 3839 rationem
524 3788 699 3857 perterreret,
751 3790 863 3837 atomos
887 3798 953 3836 oum
978 3779 1154 3844 advocasset,
1178 3777 1248 3837 aliae

203 3864 388 3921 Nouaesiout
404 3863 449 3919 loc
467 3859 586 3918 mulsisti
606 3878 658 3925 me,
673 3868 701 3917 et
750 3860 782 3917 in
803 3869 900 3917 cutem
925 3877 1098 3935 carnemque
1121 3867 1248 3916 mutatas

154 3959 193 4016 30
202 3946 271 4000 sicut
303 3961 416 4001 careum
446 3960 489 3999 me
518 3940 700 4019 coagulasti?
749 3939 933 4005 convestivit,
954 3937 1018 3997 aliie
1039 3939 1069 3996 in
1094 3958 1158 3996 oeae
1179 3957 1248 3995 con-

203 4022 524 4081 Pelleetoomevertirti
534 4040 586 4087 me,
598 4022 700 4079 omibus
749 4020 840 4079 versis
854 4020 977 4079 erectior
995 4040 1028 4078 ao
1048 4016 1166 4077 solidior
1181 4037 1249 4075 con-

203 4112 229 4160 et
243 4102 337 4161 nervis
348 4102 506 4177 compegisti
519 4122 571 4159 me.
605 4102 700 4161 Vitam
749 4100 836 4166 stitit,
849 4100 913 4159 aliia
926 4118 1081 4158 nervorum
1096 4096 1249 4173 complexu

203 4192 229 4240 et
251 4183 470 4241 mirericordiam
491 4182 613 4240 tribuisti
633 4182 700 4240 milri
749 4180 955 4258 illigatuseat?
976 4179 1045 4251 Quo
1054 4178 1179 4254 deniquo
1187 4195 1250 4233 mo-

147 4330 150 4335 ,
203 4271 230 4321 et
247 4262 372 4322 imitatio
386 4271 436 4320 tua
450 4262 597 4320 custodiuit
614 4261 698 4339 epiri-
750 4259 789 4319 do
799 4260 858 4318 vim
870 4270 980 4319 tantam
990 4259 1184 4317 membrorum
1195 4254 1249 4314 ali-

402 4388 460 4437 ¹1²⁸.
471 4388 551 4438 cxviii.
566 4400 603 4450 73.
883 4386 966 4435 tsob.
977 4402 1002 4433 x.
1018 4399 1055 4433 ιο.
