3242 5150
411 389 659 453 APOLOGIA
683 390 775 454 PRO
798 390 1027 454 ORIGENE.
1180 391 1244 456 875

240 558 435 620 Placemus.
453 559 530 622 sDe
541 558 687 643 Epistola
696 558 789 623 Pauli
798 560 948 644 Apostoli
964 561 1006 623 ad
1017 558 1243 624 Philemonem.

240 667 404 731 Omoanm.
429 667 494 732 sad
505 677 533 732 et
546 668 584 732 de
597 668 955 754 mapale—dicimus.

240 776 435 840 Passennus.
460 776 658 842 Sufficienter
679 779 743 844 ista
764 779 807 842 ed
830 779 1051 863 probationem
1070 777 1245 843 Catholicae

196 882 265 967 ejus
279 882 363 961 fidei,
379 892 413 948 et
435 886 573 969 qualiter
587 887 685 952 etiam
699 888 740 951 de
761 888 832 973 ipsa
853 887 1090 975 Scripturarum
1111 888 1245 952 historia

197 992 343 1069 senserit,
366 993 454 1058 dicta
475 995 552 1060 sint.
597 996 643 1061 Et
666 998 816 1083 quoniam
838 998 923 1062 inter
945 1005 1078 1062 eaeteras
1100 997 1246 1062 crimina-

197 1100 300 1164 tiones
326 1123 406 1185 quas
433 1102 461 1166 ei
489 1104 639 1183 inferunt,
664 1107 761 1170 etiam
787 1127 883 1190 quam
912 1106 1084 1171 maximam
1111 1111 1245 1190 ponunt,

197 1211 283 1294 quod
305 1213 567 1277 resurrectionem
590 1216 730 1280 suturam
754 1217 890 1299 deneget
915 1223 1135 1292 mortuorum3
1160 1215 1245 1300 quod

196 1318 307 1401 utique
328 1317 471 1382 futurum
492 1322 660 1387 manifeste
683 1324 717 1387 in
738 1323 876 1388 ecclesiis
897 1324 1106 1409 praedieatur:
1139 1345 1246 1388 conse-

198 1448 297 1511 quens
312 1434 361 1490 est
377 1427 475 1491 etiam
489 1431 529 1494 de
544 1431 603 1495 hoc
618 1432 716 1517 ipsius
731 1454 789 1497 nos
803 1432 907 1496 verbis
919 1432 1128 1496 calumniosos
1141 1438 1247 1495 osten-

198 1535 283 1611 dere,
299 1541 333 1597 et
354 1536 523 1602 mendaces
537 1539 701 1604 evidenter
714 1562 849 1624 arguere
863 1561 918 1604 eos
935 1539 991 1624 qui
1011 1538 1108 1603 etiam
1126 1539 1247 1622 scripta

198 1641 238 1705 de
253 1643 314 1706 hoo
330 1643 423 1707 edere
437 1647 589 1712 adversus
603 1671 675 1714 eum
689 1670 753 1713 non
766 1656 986 1735 pepercerunt.
1020 1649 1101 1712 Tam
1115 1669 1155 1712 ex
1170 1648 1247 1733 ipsis

198 1751 297 1836 igitur
310 1752 399 1818 libris
414 1778 492 1841 quos
506 1759 547 1823 de
560 1761 792 1825 resurrectione
806 1761 942 1845 scripsit,
958 1781 1054 1845 quam
1068 1782 1108 1824 ex
1122 1758 1246 1824 caeteris

198 1861 265 1945 ejus
280 1861 412 1926 diversis
426 1865 646 1947 voluminibus,
659 1870 907 1955 approbabimus
918 1870 1016 1935 etiam
1030 1870 1064 1934 in
1077 1870 1138 1934 hae
1153 1876 1245 1955 parte

199 1990 293 2054 quam
309 1971 472 2039 Gatholiee
486 1977 629 2042 senserit.

320 2140 430 2208 Prima
444 2147 607 2232 responsio
622 2149 664 2213 ad
679 2149 848 2234 septimam
863 2150 1124 2216 criminationem.

597 2280 750 2346 OAPUT
773 2282 853 2346 VII.

424 2399 576 2479 Quomodo
588 2399 730 2464 senticdot
742 2401 779 2465 de
792 2401 1028 2465 Resurrectiocc.

242 2523 406 2587 Omcanas.
431 2517 499 2601 (Ex
518 2516 620 2603 primo
642 2517 724 2583 libro
744 2518 784 2583 de
803 2518 1069 2605 Resurrectione.]
1098 2518 1245 2599 &miodo

198 2632 494 2697 onim—amm

243 2742 438 2803 Pannnmus.
456 2736 520 2800 His
541 2736 768 2801 assertionibus
789 2737 942 2823 incipiens
963 2737 1012 2802 uti
1030 2738 1070 2801 de
1091 2758 1245 2801 resurrec-

199 2851 286 2915 tione
307 2855 517 2921 mortuorum‚
532 2868 590 2931 per
611 2853 715 2911 totam
737 2847 904 2912 voluminis
922 2847 970 2911 sui
991 2846 1103 2912 seriem
1120 2846 1245 2910 eviden-

200 2957 331 3023 tissimis
351 2953 635 3041 approbationibus
653 2977 730 3019 usus
750 2962 809 3020 est.
854 2955 894 3019 In
912 2956 1050 3021 secundo
1071 2977 1146 3020 vero
1164 2954 1245 3018 libro

199 3068 340 3153 ejusdem
354 3064 497 3129 materies
506 3089 516 3141 ;
539 3086 611 3129 eum
625 3064 826 3152 praedixisset
840 3064 915 3150 quia
937 3063 1027 3149 quasi
1045 3064 1087 3129 ad
1103 3062 1246 3128 Gentiles

198 3177 393 3260 loqueretur,
408 3173 625 3258 hujuscemodi
640 3196 729 3239 suam
745 3175 936 3239 sententiam
951 3173 1137 3239 declaravit.

241 3285 405 3349 Oinoussa.
429 3283 495 3346 Nos
510 3284 929 3369 oero——pmnosranwntt

239 3394 433 3459 Panaenus.
457 3394 503 3458 Et
516 3395 647 3459 assertis
668 3395 718 3459 his
739 3416 797 3479 per
819 3393 1035 3481 hujuscemodi
1053 3413 1245 3477 consequen·

198 3503 288 3581 tiam,
303 3509 377 3588 post
392 3525 495 3588 pauca
509 3503 601 3568 addit
615 3504 713 3568 etiam
727 3504 806 3568 haec.

243 3614 407 3678 Orneanas.
426 3613 513 3691 Quod
527 3613 835 3677 aoma-dioiraa

243 3724 436 3785 Pitumnus.
460 3721 541 3785 Post
555 3721 632 3800 baee,
649 3722 837 3806 quibusdam
852 3743 910 3807 per
923 3721 1062 3785 medium
1076 3720 1172 3786 latius
1183 3719 1246 3784 dis-

200 3831 332 3916 putatis,
346 3831 465 3915 adjecit
479 3831 576 3895 etiam
590 3830 664 3896 ista.

243 3940 407 4004 Onrcanrs.
429 3940 518 4004 Sicut
530 3939 881 4025 caim—conparari.

242 4048 435 4113 Passennus.
468 4051 578 4114 Pauca
607 4050 675 4114 haeo
704 4051 746 4115 ad
774 4050 993 4116 testimonium
1021 4047 1177 4113 traximus
1206 4067 1246 4109 ex

199 4156 309 4221 multis
322 4165 356 4222 et
375 4158 558 4237 innumeris,
574 4182 644 4245 quae
665 4182 722 4245 per
740 4159 957 4245 hujuscemodi
976 4176 1102 4223 sensum
1121 4155 1154 4219 in
1170 4153 1246 4238 ipsis

200 4264 288 4329 libris
303 4287 382 4350 quos
397 4267 437 4332 de
452 4268 695 4334 Resurrectione
709 4270 831 4347 scribit,
847 4268 1002 4354 exposuit.
1045 4265 1122 4329 Non
1137 4270 1244 4327 autem

643 4378 732 4443 Mser.
747 4379 796 4440 Ex)
