<?xml version="1.0" encoding="UTF-8"?>
<!DOCTYPE html PUBLIC "-//W3C//DTD XHTML 1.0 Transitional//EN"
    "http://www.w3.org/TR/xhtml1/DTD/xhtml1-transitional.dtd">
<html xmlns="http://www.w3.org/1999/xhtml" xml:lang="en" lang="en">
 <head>
  <title>
</title>
<meta http-equiv="Content-Type" content="text/html;charset=utf-8" />
  <meta name='ocr-system' content='tesseract 3.04.00' />
  <meta name='ocr-capabilities' content='ocr_page ocr_carea ocr_par ocr_line ocrx_word'/>
</head>
<body>
  <div class='ocr_page' id='page_1' title='image "./reliquiaesacrae12routgoog_0367.png"; bbox 0 0 3242 5150; ppageno 0'>
   <div class='ocr_carea' id='block_1_1' title="bbox 423 402 1258 478">
    <p class='ocr_par' dir='ltr' id='par_1_1' title="bbox 423 402 1258 478">
     <span class='ocr_line' id='line_1_1' title="bbox 423 402 1258 478; baseline 0.017 -15"><span class='ocrx_word' id='word_1_1' title='bbox 423 402 672 466; x_wconf 86' lang='lat' dir='ltr'><strong>APOLOGIA</strong></span> <span class='ocrx_word' id='word_1_2' title='bbox 696 404 789 468; x_wconf 85' lang='lat' dir='ltr'>PRO</span> <span class='ocrx_word' id='word_1_3' title='bbox 813 405 1040 471; x_wconf 87' lang='lat' dir='ltr'><strong>ORIGENE.</strong></span> <span class='ocrx_word' id='word_1_4' title='bbox 1193 412 1258 478; x_wconf 79' lang='lat'>857</span> 
     </span>
    </p>
   </div>
   <div class='ocr_carea' id='block_1_2' title="bbox 208 569 1255 676">
    <p class='ocr_par' dir='ltr' id='par_1_2' title="bbox 208 569 1255 676">
     <span class='ocr_line' id='line_1_2' title="bbox 208 569 1255 676; baseline -0.002 -35"><span class='ocrx_word' id='word_1_5' title='bbox 208 569 272 651; x_wconf 80' lang='grc' dir='ltr'>τὸν</span> <span class='ocrx_word' id='word_1_6' title='bbox 296 579 360 651; x_wconf 74' lang='grc' dir='ltr'>τοῦ</span> <span class='ocrx_word' id='word_1_7' title='bbox 388 575 512 672; x_wconf 75' lang='grc' dir='ltr'>Ἰησοῦ</span> <span class='ocrx_word' id='word_1_8' title='bbox 544 578 708 676; x_wconf 64' lang='grc' dir='ltr'>Χριστοῦ</span> <span class='ocrx_word' id='word_1_9' title='bbox 757 575 896 636; x_wconf 71' lang='lat' dir='ltr'>doctrina</span> <span class='ocrx_word' id='word_1_10' title='bbox 935 578 1045 637; x_wconf 78' lang='lat' dir='ltr'>Christi</span> <span class='ocrx_word' id='word_1_11' title='bbox 1084 599 1255 639; x_wconf 85' lang='lat' dir='ltr'>sermonem.</span> 
     </span>
    </p>
   </div>
   <div class='ocr_carea' id='block_1_3' title="bbox 206 705 1257 1348">
    <p class='ocr_par' dir='ltr' id='par_1_3' title="bbox 206 705 1257 1348">
     <span class='ocr_line' id='line_1_3' title="bbox 208 705 1257 822; baseline 0.02 -38"><span class='ocrx_word' id='word_1_12' title='bbox 208 705 707 812; x_wconf 50' lang='lat' dir='ltr'>ddyovttapadfgssm&#39;vwmad</span> <span class='ocrx_word' id='word_1_13' title='bbox 757 741 800 801; x_wconf 87' lang='lat' dir='ltr'>Et</span> <span class='ocrx_word' id='word_1_14' title='bbox 824 753 869 801; x_wconf 90' lang='lat' dir='ltr'>est</span> <span class='ocrx_word' id='word_1_15' title='bbox 890 743 989 803; x_wconf 83' lang='lat' dir='ltr'>videre</span> <span class='ocrx_word' id='word_1_16' title='bbox 1009 745 1155 822; x_wconf 92' lang='lat' dir='ltr'>quomodo</span> <span class='ocrx_word' id='word_1_17' title='bbox 1175 746 1257 805; x_wconf 84' lang='lat' dir='ltr'>brevi</span> 
     </span>
     <span class='ocr_line' id='line_1_4' title="bbox 216 838 688 869; baseline 0.025 -3"><span class='ocrx_word' id='word_1_18' title='bbox 216 838 243 868; x_wconf 59' lang='lat' dir='ltr'>rt</span> <span class='ocrx_word' id='word_1_19' title='bbox 307 844 316 868; x_wconf 74' lang='lat'><strong>³</strong></span> <span class='ocrx_word' id='word_1_20' title='bbox 415 840 426 867; x_wconf 85' lang='grc' dir='ltr'><em>Ι</em></span> <span class='ocrx_word' id='word_1_21' title='bbox 614 849 630 866; x_wconf 65' lang='lat'>⁶</span> <span class='ocrx_word' id='word_1_22' title='bbox 679 846 688 869; x_wconf 71' lang='lat'><strong><em>⁹</em></strong></span> 
     </span>
     <span class='ocr_line' id='line_1_5' title="bbox 207 874 1257 1081; baseline 0.014 -127"><span class='ocrx_word' id='word_1_23' title='bbox 207 874 708 1081; x_wconf 46' lang='grc' dir='ltr'>ἓαὲόδεπᾝσῖἰὲεῇωἰὲἶ</span> <span class='ocrx_word' id='word_1_24' title='bbox 757 919 889 988; x_wconf 86' lang='lat' dir='ltr'>tempore</span> <span class='ocrx_word' id='word_1_25' title='bbox 918 909 981 988; x_wconf 85' lang='lat' dir='ltr'>ipsa</span> <span class='ocrx_word' id='word_1_26' title='bbox 1007 909 1109 988; x_wconf 85' lang='lat' dir='ltr'>religio</span> <span class='ocrx_word' id='word_1_27' title='bbox 1133 910 1257 969; x_wconf 83' lang='lat' dir='ltr'>creverit</span> 
     </span>
     <span class='ocr_line' id='line_1_6' title="bbox 208 1011 1256 1216; baseline 0.016 -99"><span class='ocrx_word' id='word_1_28' title='bbox 208 1011 482 1215; x_wconf 50' lang='grc' dir='ltr'>ὁμλξγαούπίν</span> <span class='ocrx_word' id='word_1_29' title='bbox 499 1113 562 1192; x_wconf 61' lang='grc' dir='ltr'>τὸν</span> <span class='ocrx_word' id='word_1_30' title='bbox 587 1043 706 1216; x_wconf 51' lang='lat' dir='ltr'>X’pw-</span> <span class='ocrx_word' id='word_1_31' title='bbox 756 1074 852 1151; x_wconf 85' lang='lat' dir='ltr'>poenis</span> <span class='ocrx_word' id='word_1_32' title='bbox 879 1073 1024 1132; x_wconf 89' lang='lat' dir='ltr'>cultorum</span> <span class='ocrx_word' id='word_1_33' title='bbox 1056 1074 1256 1152; x_wconf 86' lang='lat' dir='ltr'>mortibusque</span> 
     </span>
     <span class='ocr_line' id='line_1_7' title="bbox 206 1241 1253 1348; baseline 0.009 -55"><span class='ocrx_word' id='word_1_34' title='bbox 206 1247 396 1347; x_wconf 57' lang='grc' dir='ltr'>Πανισμόν</span> <span class='ocrx_word' id='word_1_35' title='bbox 427 1250 702 1348; x_wconf 58' lang='grc' dir='ltr'>ἐπιβουλευομέ,</span> <span class='ocrx_word' id='word_1_36' title='bbox 754 1241 918 1319; x_wconf 88' lang='lat' dir='ltr'>proficiens,</span> <span class='ocrx_word' id='word_1_37' title='bbox 933 1242 983 1302; x_wconf 88' lang='lat' dir='ltr'>sed</span> <span class='ocrx_word' id='word_1_38' title='bbox 1000 1252 1030 1301; x_wconf 86' lang='lat' dir='ltr'>et</span> <span class='ocrx_word' id='word_1_39' title='bbox 1051 1243 1193 1301; x_wconf 90' lang='lat' dir='ltr'>bonorum</span> <span class='ocrx_word' id='word_1_40' title='bbox 1208 1243 1253 1302; x_wconf 88' lang='lat' dir='ltr'>di-</span> 
     </span>
    </p>
   </div>
   <div class='ocr_carea' id='block_1_4' title="bbox 208 1381 1253 1482">
    <p class='ocr_par' dir='ltr' id='par_1_4' title="bbox 208 1381 1253 1482">
     <span class='ocr_line' id='line_1_8' title="bbox 208 1381 1253 1482; baseline 0.004 -22"><span class='ocrx_word' id='word_1_41' title='bbox 208 1417 288 1477; x_wconf 83' lang='grc' dir='ltr'>νων,</span> <span class='ocrx_word' id='word_1_42' title='bbox 307 1384 369 1461; x_wconf 77' lang='grc' dir='ltr'>καί</span> <span class='ocrx_word' id='word_1_43' title='bbox 390 1416 496 1462; x_wconf 83' lang='grc' dir='ltr'>τινων</span> <span class='ocrx_word' id='word_1_44' title='bbox 521 1381 579 1462; x_wconf 70' lang='grc' dir='ltr'>διὰ</span> <span class='ocrx_word' id='word_1_45' title='bbox 600 1392 706 1463; x_wconf 68' lang='grc' dir='ltr'>τοῦτο</span> <span class='ocrx_word' id='word_1_46' title='bbox 755 1402 946 1482; x_wconf 82' lang='lat' dir='ltr'>reptionibus‚</span> <span class='ocrx_word' id='word_1_47' title='bbox 961 1414 1048 1481; x_wconf 84' lang='lat' dir='ltr'>atque</span> <span class='ocrx_word' id='word_1_48' title='bbox 1063 1405 1141 1462; x_wconf 90' lang='lat' dir='ltr'>omni</span> <span class='ocrx_word' id='word_1_49' title='bbox 1158 1406 1253 1465; x_wconf 87' lang='lat' dir='ltr'>abhis</span> 
     </span>
    </p>
   </div>
   <div class='ocr_carea' id='block_1_5' title="bbox 207 1515 1253 1646">
    <p class='ocr_par' dir='ltr' id='par_1_5' title="bbox 207 1515 1253 1646">
     <span class='ocr_line' id='line_1_9' title="bbox 220 1517 566 1544; baseline 0.009 -3"><span class='ocrx_word' id='word_1_50' title='bbox 220 1519 228 1541; x_wconf 63' lang='grc' dir='ltr'>ἱ</span> <span class='ocrx_word' id='word_1_51' title='bbox 516 1518 525 1542; x_wconf 65' lang='grc' dir='ltr'>Ι</span> <span class='ocrx_word' id='word_1_52' title='bbox 555 1517 566 1544; x_wconf 90' lang='grc' dir='ltr'><em>Ι</em></span> 
     </span>
     <span class='ocr_line' id='line_1_10' title="bbox 207 1515 1253 1646; baseline 0.011 -29"><span class='ocrx_word' id='word_1_53' title='bbox 207 1515 477 1618; x_wconf 51' lang='grc' dir='ltr'>ανωΡουμὼωνι</span> <span class='ocrx_word' id='word_1_54' title='bbox 507 1551 633 1620; x_wconf 53' lang='grc' dir='ltr'>εΤίρων</span> <span class='ocrx_word' id='word_1_55' title='bbox 668 1518 706 1597; x_wconf 65' lang='grc' dir='ltr'>δὲ</span> <span class='ocrx_word' id='word_1_56' title='bbox 755 1566 942 1624; x_wconf 85' lang='lat' dir='ltr'>afflictionum</span> <span class='ocrx_word' id='word_1_57' title='bbox 978 1587 1085 1646; x_wconf 81' lang='lat' dir='ltr'>genere</span> <span class='ocrx_word' id='word_1_58' title='bbox 1119 1569 1253 1629; x_wconf 80' lang='lat' dir='ltr'>tolerato.</span> 
     </span>
    </p>
   </div>
   <div class='ocr_carea' id='block_1_6' title="bbox 208 1651 1252 1817">
    <p class='ocr_par' dir='ltr' id='par_1_6' title="bbox 208 1651 1252 1817">
     <span class='ocr_line' id='line_1_11' title="bbox 208 1651 1033 1753; baseline 0.013 -24"><span class='ocrx_word' id='word_1_59' title='bbox 208 1651 446 1730; x_wconf 84' lang='grc' dir='ltr'>ἀπολλύντων</span> <span class='ocrx_word' id='word_1_60' title='bbox 464 1651 529 1734; x_wconf 73' lang='grc' dir='ltr'>τὰς</span> <span class='ocrx_word' id='word_1_61' title='bbox 551 1652 703 1751; x_wconf 69' lang='grc' dir='ltr'>κτήσεις,</span> <span class='ocrx_word' id='word_1_62' title='bbox 928 1738 934 1752; x_wconf 84' lang='grc'>,</span> <span class='ocrx_word' id='word_1_63' title='bbox 1026 1739 1033 1753; x_wconf 82' lang='grc'><em>,</em></span> 
     </span>
     <span class='ocr_line' id='line_1_12' title="bbox 676 1737 1252 1817; baseline 0.01 -24"><span class='ocrx_word' id='word_1_64' title='bbox 676 1789 686 1816; x_wconf 67' lang='lat' dir='ltr'>e</span> <span class='ocrx_word' id='word_1_65' title='bbox 755 1737 798 1797; x_wconf 83' lang='lat' dir='ltr'>Iit</span> <span class='ocrx_word' id='word_1_66' title='bbox 808 1757 844 1796; x_wconf 86' lang='lat' dir='ltr'>eo</span> <span class='ocrx_word' id='word_1_67' title='bbox 857 1757 984 1797; x_wconf 79' lang='lat' dir='ltr'>mammo</span> <span class='ocrx_word' id='word_1_68' title='bbox 994 1759 1099 1797; x_wconf 81' lang='lat' dir='ltr'>mirum</span> <span class='ocrx_word' id='word_1_69' title='bbox 1111 1749 1165 1810; x_wconf 87' lang='lat' dir='ltr'>est,</span> <span class='ocrx_word' id='word_1_70' title='bbox 1174 1741 1252 1817; x_wconf 92' lang='lat' dir='ltr'>quod</span> 
     </span>
    </p>
   </div>
   <div class='ocr_carea' id='block_1_7' title="bbox 207 1784 700 1887">
    <p class='ocr_par' dir='ltr' id='par_1_7' title="bbox 207 1784 700 1887">
     <span class='ocr_line' id='line_1_13' title="bbox 207 1784 700 1887; baseline 0.006 -25"><span class='ocrx_word' id='word_1_71' title='bbox 207 1784 389 1882; x_wconf 77' lang='grc' dir='ltr'>δεδύνηται</span> <span class='ocrx_word' id='word_1_72' title='bbox 418 1787 438 1863; x_wconf 85' lang='grc' dir='ltr'>ὁ</span> <span class='ocrx_word' id='word_1_73' title='bbox 470 1784 591 1887; x_wconf 76' lang='grc' dir='ltr'>λόγος,</span> <span class='ocrx_word' id='word_1_74' title='bbox 623 1821 700 1865; x_wconf 86' lang='grc' dir='ltr'>και·</span> 
     </span>
    </p>
   </div>
   <div class='ocr_carea' id='block_1_8' title="bbox 206 1907 1254 2020">
    <p class='ocr_par' dir='ltr' id='par_1_8' title="bbox 206 1907 1254 2020">
     <span class='ocr_line' id='line_1_14' title="bbox 206 1907 1254 2020; baseline 0.003 -56"><span class='ocrx_word' id='word_1_75' title='bbox 206 1953 302 2020; x_wconf 53' lang='grc' dir='ltr'>τοίγε</span> <span class='ocrx_word' id='word_1_76' title='bbox 327 1919 407 1999; x_wconf 66' lang='grc' dir='ltr'>οὐδὲ</span> <span class='ocrx_word' id='word_1_77' title='bbox 431 1927 504 1999; x_wconf 62' lang='grc' dir='ltr'>τῶν</span> <span class='ocrx_word' id='word_1_78' title='bbox 531 1921 701 1999; x_wconf 50' lang='grc' dir='ltr'>διδασκά.</span> <span class='ocrx_word' id='word_1_79' title='bbox 756 1927 792 1965; x_wconf 86' lang='lat' dir='ltr'>nc</span> <span class='ocrx_word' id='word_1_80' title='bbox 822 1907 955 1966; x_wconf 88' lang='lat' dir='ltr'>doctores</span> <span class='ocrx_word' id='word_1_81' title='bbox 979 1907 1095 1985; x_wconf 89' lang='lat' dir='ltr'>quidem</span> <span class='ocrx_word' id='word_1_82' title='bbox 1120 1908 1176 1988; x_wconf 88' lang='lat' dir='ltr'>ipsi</span> <span class='ocrx_word' id='word_1_83' title='bbox 1205 1907 1254 1967; x_wconf 83' lang='lat' dir='ltr'>vel</span> 
     </span>
    </p>
   </div>
   <div class='ocr_carea' id='block_1_9' title="bbox 206 2054 1252 2161">
    <p class='ocr_par' dir='ltr' id='par_1_9' title="bbox 206 2054 1252 2161">
     <span class='ocr_line' id='line_1_15' title="bbox 206 2054 1252 2161; baseline 0.009 -30"><span class='ocrx_word' id='word_1_84' title='bbox 206 2064 283 2133; x_wconf 84' lang='grc' dir='ltr'>λων</span> <span class='ocrx_word' id='word_1_85' title='bbox 304 2054 582 2158; x_wconf 69' lang='grc' dir='ltr'>πλεοναζὸντων,</span> <span class='ocrx_word' id='word_1_86' title='bbox 609 2091 701 2137; x_wconf 85' lang='grc' dir='ltr'>παν·</span> <span class='ocrx_word' id='word_1_87' title='bbox 753 2079 823 2138; x_wconf 84' lang='lat' dir='ltr'>satis</span> <span class='ocrx_word' id='word_1_88' title='bbox 837 2079 934 2139; x_wconf 88' lang='lat' dir='ltr'>idonei</span> <span class='ocrx_word' id='word_1_89' title='bbox 948 2091 1027 2148; x_wconf 88' lang='lat' dir='ltr'>sunt,</span> <span class='ocrx_word' id='word_1_90' title='bbox 1042 2080 1089 2140; x_wconf 85' lang='lat' dir='ltr'>vel</span> <span class='ocrx_word' id='word_1_91' title='bbox 1103 2081 1172 2141; x_wconf 84' lang='lat' dir='ltr'>satis</span> <span class='ocrx_word' id='word_1_92' title='bbox 1186 2083 1252 2161; x_wconf 88' lang='lat' dir='ltr'>plu-</span> 
     </span>
    </p>
   </div>
   <div class='ocr_carea' id='block_1_10' title="bbox 205 2188 1253 2354">
    <p class='ocr_par' dir='ltr' id='par_1_10' title="bbox 205 2188 1253 2354">
     <span class='ocr_line' id='line_1_16' title="bbox 285 2188 683 2214; baseline 0.015 -6"><span class='ocrx_word' id='word_1_93' title='bbox 285 2188 295 2214; x_wconf 71' lang='grc'><em>,</em></span> <span class='ocrx_word' id='word_1_94' title='bbox 521 2196 537 2213; x_wconf 63' lang='grc'>,</span> <span class='ocrx_word' id='word_1_95' title='bbox 667 2197 683 2214; x_wconf 66' lang='grc'><strong>.</strong></span> 
     </span>
     <span class='ocr_line' id='line_1_17' title="bbox 205 2198 1253 2354; baseline 0.017 -62"><span class='ocrx_word' id='word_1_96' title='bbox 205 2223 341 2294; x_wconf 62' lang='grc' dir='ltr'>Ταχοσε</span> <span class='ocrx_word' id='word_1_97' title='bbox 378 2198 597 2354; x_wconf 55' lang='grc' dir='ltr'>κηΡῖΧθἿναι</span> <span class='ocrx_word' id='word_1_98' title='bbox 640 2227 703 2291; x_wconf 63' lang='lat'>²779</span> <span class='ocrx_word' id='word_1_99' title='bbox 753 2269 809 2308; x_wconf 86' lang='lat' dir='ltr'>res.</span> <span class='ocrx_word' id='word_1_100' title='bbox 853 2250 1033 2310; x_wconf 79' lang='lat' dir='ltr'>Praedicatur</span> <span class='ocrx_word' id='word_1_101' title='bbox 1046 2263 1143 2311; x_wconf 85' lang='lat' dir='ltr'>tamen</span> <span class='ocrx_word' id='word_1_102' title='bbox 1158 2272 1253 2312; x_wconf 90' lang='lat' dir='ltr'>sermo</span> 
     </span>
    </p>
   </div>
   <div class='ocr_carea' id='block_1_11' title="bbox 205 2326 704 2562">
    <p class='ocr_par' dir='ltr' id='par_1_11' title="bbox 205 2326 704 2562">
     <span class='ocr_line' id='line_1_18' title="bbox 205 2326 701 2425; baseline 0.002 -22"><span class='ocrx_word' id='word_1_103' title='bbox 205 2326 418 2424; x_wconf 64' lang='grc' dir='ltr'>οἶκονμάοις,</span> <span class='ocrx_word' id='word_1_104' title='bbox 440 2360 534 2405; x_wconf 84' lang='grc' dir='ltr'>ωστε</span> <span class='ocrx_word' id='word_1_105' title='bbox 553 2326 701 2425; x_wconf 89' lang='grc' dir='ltr'>Ἕλλη-</span> 
     </span>
     <span class='ocr_line' id='line_1_19' title="bbox 206 2458 704 2562; baseline -0.004 -24"><span class='ocrx_word' id='word_1_106' title='bbox 206 2494 269 2542; x_wconf 76' lang='grc' dir='ltr'>νας</span> <span class='ocrx_word' id='word_1_107' title='bbox 297 2464 355 2538; x_wconf 87' lang='grc' dir='ltr'>καὶ</span> <span class='ocrx_word' id='word_1_108' title='bbox 386 2458 607 2562; x_wconf 77' lang='grc' dir='ltr'>βαρβάρους,</span> <span class='ocrx_word' id='word_1_109' title='bbox 640 2495 704 2539; x_wconf 90' lang='grc' dir='ltr'>σο.</span> 
     </span>
    </p>
   </div>
   <div class='ocr_carea' id='block_1_12' title="bbox 754 2415 1252 2486">
    <p class='ocr_par' dir='ltr' id='par_1_12' title="bbox 754 2415 1252 2486">
     <span class='ocr_line' id='line_1_20' title="bbox 754 2415 1252 2486; baseline 0.008 -15"><span class='ocrx_word' id='word_1_110' title='bbox 754 2415 810 2474; x_wconf 88' lang='lat' dir='ltr'>iste</span> <span class='ocrx_word' id='word_1_111' title='bbox 824 2415 855 2472; x_wconf 92' lang='lat' dir='ltr'>in</span> <span class='ocrx_word' id='word_1_112' title='bbox 868 2416 949 2473; x_wconf 89' lang='lat' dir='ltr'>omni</span> <span class='ocrx_word' id='word_1_113' title='bbox 963 2417 1032 2475; x_wconf 88' lang='lat' dir='ltr'>orbe</span> <span class='ocrx_word' id='word_1_114' title='bbox 1046 2427 1198 2486; x_wconf 85' lang='lat' dir='ltr'>terrarum,</span> <span class='ocrx_word' id='word_1_115' title='bbox 1210 2417 1252 2475; x_wconf 84' lang='lat' dir='ltr'>ita</span> 
     </span>
    </p>
   </div>
   <div class='ocr_carea' id='block_1_13' title="bbox 206 2588 1253 2700">
    <p class='ocr_par' dir='ltr' id='par_1_13' title="bbox 206 2588 1253 2700">
     <span class='ocr_line' id='line_1_21' title="bbox 206 2588 1253 2700; baseline -0.011 -40"><span class='ocrx_word' id='word_1_116' title='bbox 206 2593 296 2700; x_wconf 77' lang='grc' dir='ltr'>φούς</span> <span class='ocrx_word' id='word_1_117' title='bbox 345 2628 383 2673; x_wconf 63' lang='grc' dir='ltr'>τε</span> <span class='ocrx_word' id='word_1_118' title='bbox 433 2599 490 2673; x_wconf 70' lang='grc' dir='ltr'>καὶ</span> <span class='ocrx_word' id='word_1_119' title='bbox 534 2594 703 2695; x_wconf 60' lang='grc' dir='ltr'>ἀνσῆτους</span> <span class='ocrx_word' id='word_1_120' title='bbox 755 2598 789 2646; x_wconf 93' lang='lat' dir='ltr'>ut</span> <span class='ocrx_word' id='word_1_121' title='bbox 804 2588 899 2645; x_wconf 84' lang='lat' dir='ltr'>Graeci</span> <span class='ocrx_word' id='word_1_122' title='bbox 916 2608 949 2645; x_wconf 84' lang='lat' dir='ltr'>ac</span> <span class='ocrx_word' id='word_1_123' title='bbox 969 2588 1092 2653; x_wconf 86' lang='lat' dir='ltr'>barbari,</span> <span class='ocrx_word' id='word_1_124' title='bbox 1108 2589 1253 2667; x_wconf 86' lang='lat' dir='ltr'>sapientes</span> 
     </span>
    </p>
   </div>
   <div class='ocr_carea' id='block_1_14' title="bbox 204 2730 1253 2971">
    <p class='ocr_par' dir='ltr' id='par_1_14' title="bbox 204 2730 1253 2971">
     <span class='ocr_line' id='line_1_22' title="bbox 204 2730 1253 2839; baseline 0.012 -34"><span class='ocrx_word' id='word_1_125' title='bbox 204 2730 490 2835; x_wconf 73' lang='grc' dir='ltr'>πρωθέσθωτῇ</span> <span class='ocrx_word' id='word_1_126' title='bbox 505 2730 562 2810; x_wconf 72' lang='grc' dir='ltr'>διὰ</span> <span class='ocrx_word' id='word_1_127' title='bbox 579 2734 704 2831; x_wconf 75' lang='grc' dir='ltr'>Ἰησοῦ</span> <span class='ocrx_word' id='word_1_128' title='bbox 754 2770 784 2818; x_wconf 89' lang='lat' dir='ltr'>et</span> <span class='ocrx_word' id='word_1_129' title='bbox 793 2759 973 2839; x_wconf 84' lang='lat' dir='ltr'>insipientes,</span> <span class='ocrx_word' id='word_1_130' title='bbox 980 2758 1149 2835; x_wconf 78' lang='lat' dir='ltr'>religionem</span> <span class='ocrx_word' id='word_1_131' title='bbox 1155 2758 1253 2818; x_wconf 90' lang='lat' dir='ltr'>Chris-</span> 
     </span>
     <span class='ocr_line' id='line_1_23' title="bbox 206 2863 704 2971; baseline 0 -26"><span class='ocrx_word' id='word_1_132' title='bbox 206 2866 403 2971; x_wconf 75' lang='grc' dir='ltr'>θεοσεβείᾳ,</span> <span class='ocrx_word' id='word_1_133' title='bbox 422 2868 539 2969; x_wconf 82' lang='grc' dir='ltr'>μεῖζον</span> <span class='ocrx_word' id='word_1_134' title='bbox 563 2863 586 2966; x_wconf 83' lang='grc' dir='ltr'>ἢ</span> <span class='ocrx_word' id='word_1_135' title='bbox 614 2865 704 2945; x_wconf 81' lang='grc' dir='ltr'>κατὰ</span> 
     </span>
    </p>
   </div>
   <div class='ocr_carea' id='block_1_15' title="bbox 205 2927 1252 3104">
    <p class='ocr_par' dir='ltr' id='par_1_15' title="bbox 205 2927 1252 3104">
     <span class='ocr_line' id='line_1_24' title="bbox 753 2927 1252 3011; baseline 0.01 -26"><span class='ocrx_word' id='word_1_136' title='bbox 753 2927 1167 3011; x_wconf 80' lang='lat' dir='ltr'>tianaedoctrinaesuscipiant.</span> <span class='ocrx_word' id='word_1_137' title='bbox 1203 2932 1252 2990; x_wconf 79' lang='lat' dir='ltr'>Ex</span> 
     </span>
     <span class='ocr_line' id='line_1_25' title="bbox 205 3000 701 3104; baseline 0 -23"><span class='ocrx_word' id='word_1_138' title='bbox 205 3003 395 3103; x_wconf 78' lang='grc' dir='ltr'>ἄνθρωπον</span> <span class='ocrx_word' id='word_1_139' title='bbox 412 3000 454 3081; x_wconf 81' lang='grc' dir='ltr'>τὸ</span> <span class='ocrx_word' id='word_1_140' title='bbox 482 3009 633 3104; x_wconf 81' lang='grc' dir='ltr'>πρᾶγμα</span> <span class='ocrx_word' id='word_1_141' title='bbox 651 3000 701 3081; x_wconf 82' lang='grc' dir='ltr'>εἶ-</span> 
     </span>
    </p>
   </div>
   <div class='ocr_carea' id='block_1_16' title="bbox 205 3100 1253 3238">
    <p class='ocr_par' dir='ltr' id='par_1_16' title="bbox 205 3100 1253 3238">
     <span class='ocr_line' id='line_1_26' title="bbox 205 3100 1253 3238; baseline 0.004 -79"><span class='ocrx_word' id='word_1_142' title='bbox 205 3172 262 3215; x_wconf 60' lang='grc' dir='ltr'>ναι</span> <span class='ocrx_word' id='word_1_143' title='bbox 281 3135 400 3238; x_wconf 62' lang='grc' dir='ltr'>λέγειν</span> <span class='ocrx_word' id='word_1_144' title='bbox 418 3138 460 3216; x_wconf 67' lang='grc' dir='ltr'>οὐ</span> <span class='ocrx_word' id='word_1_145' title='bbox 478 3134 689 3238; x_wconf 56' lang='grc' dir='ltr'>διστάῷμεν</span> <span class='ocrx_word' id='word_1_146' title='bbox 754 3120 813 3178; x_wconf 92' lang='lat' dir='ltr'>quo</span> <span class='ocrx_word' id='word_1_147' title='bbox 827 3100 949 3161; x_wconf 89' lang='lat' dir='ltr'>dubium</span> <span class='ocrx_word' id='word_1_148' title='bbox 971 3123 1030 3162; x_wconf 88' lang='lat' dir='ltr'>non</span> <span class='ocrx_word' id='word_1_149' title='bbox 1047 3115 1091 3163; x_wconf 89' lang='lat' dir='ltr'>est</span> <span class='ocrx_word' id='word_1_150' title='bbox 1112 3124 1171 3162; x_wconf 88' lang='lat' dir='ltr'>non</span> <span class='ocrx_word' id='word_1_151' title='bbox 1192 3106 1253 3164; x_wconf 81' lang='lat' dir='ltr'>haec</span> 
     </span>
    </p>
   </div>
   <div class='ocr_carea' id='block_1_17' title="bbox 204 3268 1251 3375">
    <p class='ocr_par' dir='ltr' id='par_1_17' title="bbox 204 3268 1251 3375">
     <span class='ocr_line' id='line_1_27' title="bbox 204 3268 1251 3375; baseline -0.006 -36"><span class='ocrx_word' id='word_1_152' title='bbox 204 3269 294 3367; x_wconf 76' lang='grc' dir='ltr'>μετὰ</span> <span class='ocrx_word' id='word_1_153' title='bbox 311 3268 434 3369; x_wconf 72' lang='grc' dir='ltr'>πάσης</span> <span class='ocrx_word' id='word_1_154' title='bbox 460 3268 625 3375; x_wconf 71' lang='grc' dir='ltr'>ἐξουσίας</span> <span class='ocrx_word' id='word_1_155' title='bbox 644 3273 702 3349; x_wconf 70' lang='grc' dir='ltr'>καὶ</span> <span class='ocrx_word' id='word_1_156' title='bbox 752 3270 887 3331; x_wconf 90' lang='lat' dir='ltr'>humanis</span> <span class='ocrx_word' id='word_1_157' title='bbox 897 3273 1008 3333; x_wconf 87' lang='lat' dir='ltr'>viribus</span> <span class='ocrx_word' id='word_1_158' title='bbox 1018 3284 1070 3333; x_wconf 86' lang='lat' dir='ltr'>aut</span> <span class='ocrx_word' id='word_1_159' title='bbox 1080 3275 1184 3354; x_wconf 89' lang='lat' dir='ltr'>opibus</span> <span class='ocrx_word' id='word_1_160' title='bbox 1194 3275 1251 3354; x_wconf 84' lang='lat' dir='ltr'>agi,</span> 
     </span>
    </p>
   </div>
   <div class='ocr_carea' id='block_1_18' title="bbox 204 3410 1252 3517">
    <p class='ocr_par' dir='ltr' id='par_1_18' title="bbox 204 3410 1252 3517">
     <span class='ocr_line' id='line_1_28' title="bbox 204 3410 1252 3517; baseline 0.012 -33"><span class='ocrx_word' id='word_1_161' title='bbox 204 3411 346 3489; x_wconf 74' lang='grc' dir='ltr'>πειθοῦς</span> <span class='ocrx_word' id='word_1_162' title='bbox 389 3410 474 3504; x_wconf 54' lang='grc' dir='ltr'>*Τῆς</span> <span class='ocrx_word' id='word_1_163' title='bbox 517 3410 598 3509; x_wconf 70' lang='grc' dir='ltr'>περὶ</span> <span class='ocrx_word' id='word_1_164' title='bbox 639 3414 702 3485; x_wconf 73' lang='grc' dir='ltr'>7οὓ</span> <span class='ocrx_word' id='word_1_165' title='bbox 752 3446 787 3494; x_wconf 88' lang='lat' dir='ltr'>ut</span> <span class='ocrx_word' id='word_1_166' title='bbox 801 3456 868 3494; x_wconf 93' lang='lat' dir='ltr'>cum</span> <span class='ocrx_word' id='word_1_167' title='bbox 882 3437 962 3494; x_wconf 92' lang='lat' dir='ltr'>omni</span> <span class='ocrx_word' id='word_1_168' title='bbox 980 3447 1124 3516; x_wconf 79' lang='lat' dir='ltr'><strong>potestate</strong></span> <span class='ocrx_word' id='word_1_169' title='bbox 1139 3448 1169 3497; x_wconf 86' lang='lat' dir='ltr'>et</span> <span class='ocrx_word' id='word_1_170' title='bbox 1186 3458 1252 3517; x_wconf 88' lang='lat' dir='ltr'>per-</span> 
     </span>
    </p>
   </div>
   <div class='ocr_carea' id='block_1_19' title="bbox 204 3599 1252 4319">
    <p class='ocr_par' dir='ltr' id='par_1_19' title="bbox 204 3599 1252 4319">
     <span class='ocr_line' id='line_1_29' title="bbox 204 3599 1252 3679; baseline 0.004 -22"><span class='ocrx_word' id='word_1_171' title='bbox 204 3611 404 3679; x_wconf 86' lang='lat' dir='ltr'>susceperunt.</span> <span class='ocrx_word' id='word_1_172' title='bbox 446 3599 534 3671; x_wconf 91' lang='lat' dir='ltr'>Quod</span> <span class='ocrx_word' id='word_1_173' title='bbox 549 3600 573 3659; x_wconf 86' lang='lat' dir='ltr'>si</span> <span class='ocrx_word' id='word_1_174' title='bbox 593 3600 631 3658; x_wconf 85' lang='lat' dir='ltr'>ad</span> <span class='ocrx_word' id='word_1_175' title='bbox 649 3599 679 3658; x_wconf 92' lang='lat' dir='ltr'>id</span> <span class='ocrx_word' id='word_1_176' title='bbox 692 3620 808 3678; x_wconf 88' lang='lat' dir='ltr'>quoque</span> <span class='ocrx_word' id='word_1_177' title='bbox 825 3600 954 3657; x_wconf 87' lang='lat' dir='ltr'>animum</span> <span class='ocrx_word' id='word_1_178' title='bbox 969 3600 1179 3659; x_wconf 85' lang='lat' dir='ltr'>attenderimus</span> <span class='ocrx_word' id='word_1_179' title='bbox 1193 3623 1252 3679; x_wconf 93' lang='lat' dir='ltr'>quo</span> 
     </span>
     <span class='ocr_line' id='line_1_30' title="bbox 204 3679 1250 3759; baseline 0.003 -21"><span class='ocrx_word' id='word_1_180' title='bbox 204 3692 290 3759; x_wconf 82' lang='lat' dir='ltr'>pecto</span> <span class='ocrx_word' id='word_1_181' title='bbox 303 3681 387 3739; x_wconf 88' lang='lat' dir='ltr'>annis</span> <span class='ocrx_word' id='word_1_182' title='bbox 401 3691 460 3739; x_wconf 86' lang='lat' dir='ltr'>tam</span> <span class='ocrx_word' id='word_1_183' title='bbox 475 3681 584 3758; x_wconf 82' lang='lat' dir='ltr'>paucis,</span> <span class='ocrx_word' id='word_1_184' title='bbox 596 3692 642 3738; x_wconf 82' lang='lat' dir='ltr'>tot</span> <span class='ocrx_word' id='word_1_185' title='bbox 653 3680 766 3737; x_wconf 81' lang='lat' dir='ltr'>insidiis</span> <span class='ocrx_word' id='word_1_186' title='bbox 779 3680 898 3737; x_wconf 88' lang='lat' dir='ltr'>structis</span> <span class='ocrx_word' id='word_1_187' title='bbox 912 3679 1050 3737; x_wconf 84' lang='lat' dir='ltr'>adversus</span> <span class='ocrx_word' id='word_1_188' title='bbox 1061 3681 1250 3753; x_wconf 80' lang='lat' dir='ltr'>Christianos,</span> 
     </span>
     <span class='ocr_line' id='line_1_31' title="bbox 204 3759 1252 3839; baseline 0.006 -21"><span class='ocrx_word' id='word_1_189' title='bbox 204 3780 327 3835; x_wconf 87' lang='lat' dir='ltr'>quorum</span> <span class='ocrx_word' id='word_1_190' title='bbox 346 3760 480 3819; x_wconf 91' lang='lat' dir='ltr'>nonnulli</span> <span class='ocrx_word' id='word_1_191' title='bbox 501 3762 607 3825; x_wconf 84' lang='lat' dir='ltr'>necati,</span> <span class='ocrx_word' id='word_1_192' title='bbox 621 3760 671 3817; x_wconf 85' lang='lat' dir='ltr'>alii</span> <span class='ocrx_word' id='word_1_193' title='bbox 692 3762 776 3818; x_wconf 89' lang='lat' dir='ltr'>bonis</span> <span class='ocrx_word' id='word_1_194' title='bbox 796 3759 929 3817; x_wconf 89' lang='lat' dir='ltr'>mulctati</span> <span class='ocrx_word' id='word_1_195' title='bbox 949 3770 1027 3826; x_wconf 88' lang='lat' dir='ltr'>sunt,</span> <span class='ocrx_word' id='word_1_196' title='bbox 1043 3762 1173 3839; x_wconf 88' lang='lat' dir='ltr'>potuerit</span> <span class='ocrx_word' id='word_1_197' title='bbox 1190 3764 1252 3824; x_wconf 77' lang='lat' dir='ltr'>haec</span> 
     </span>
     <span class='ocr_line' id='line_1_32' title="bbox 205 3838 1250 3919; baseline 0.003 -20"><span class='ocrx_word' id='word_1_198' title='bbox 205 3839 346 3910; x_wconf 81' lang='lat' dir='ltr'>doctrina,</span> <span class='ocrx_word' id='word_1_199' title='bbox 362 3840 430 3899; x_wconf 88' lang='lat' dir='ltr'>licet</span> <span class='ocrx_word' id='word_1_200' title='bbox 442 3841 550 3917; x_wconf 87' lang='lat' dir='ltr'>alioqui</span> <span class='ocrx_word' id='word_1_201' title='bbox 558 3861 618 3898; x_wconf 93' lang='lat' dir='ltr'>non</span> <span class='ocrx_word' id='word_1_202' title='bbox 632 3860 736 3917; x_wconf 81' lang='lat' dir='ltr'>magna</span> <span class='ocrx_word' id='word_1_203' title='bbox 746 3840 785 3898; x_wconf 90' lang='lat' dir='ltr'>sit</span> <span class='ocrx_word' id='word_1_204' title='bbox 799 3838 951 3897; x_wconf 86' lang='lat' dir='ltr'>doctorum</span> <span class='ocrx_word' id='word_1_205' title='bbox 965 3841 1057 3919; x_wconf 89' lang='lat' dir='ltr'>copia,</span> <span class='ocrx_word' id='word_1_206' title='bbox 1070 3842 1178 3919; x_wconf 91' lang='lat' dir='ltr'>ubique</span> <span class='ocrx_word' id='word_1_207' title='bbox 1192 3854 1250 3902; x_wconf 84' lang='lat' dir='ltr'>ter·</span> 
     </span>
     <span class='ocr_line' id='line_1_33' title="bbox 204 3920 1252 4003; baseline -0.001 -26"><span class='ocrx_word' id='word_1_208' title='bbox 204 3940 300 3978; x_wconf 87' lang='lat' dir='ltr'>rarum</span> <span class='ocrx_word' id='word_1_209' title='bbox 322 3921 482 3999; x_wconf 80' lang='lat' dir='ltr'>praedicari,</span> <span class='ocrx_word' id='word_1_210' title='bbox 504 3921 546 3978; x_wconf 87' lang='lat' dir='ltr'>ita</span> <span class='ocrx_word' id='word_1_211' title='bbox 569 3932 604 3979; x_wconf 90' lang='lat' dir='ltr'>ut</span> <span class='ocrx_word' id='word_1_212' title='bbox 627 3920 721 3978; x_wconf 78' lang='lat' dir='ltr'>Groeci</span> <span class='ocrx_word' id='word_1_213' title='bbox 741 3932 771 3979; x_wconf 86' lang='lat' dir='ltr'>et</span> <span class='ocrx_word' id='word_1_214' title='bbox 790 3920 922 3987; x_wconf 82' lang='lat' dir='ltr'>Barbari,</span> <span class='ocrx_word' id='word_1_215' title='bbox 936 3920 1081 3996; x_wconf 86' lang='lat' dir='ltr'>sapientes</span> <span class='ocrx_word' id='word_1_216' title='bbox 1100 3932 1130 3981; x_wconf 87' lang='lat' dir='ltr'>et</span> <span class='ocrx_word' id='word_1_217' title='bbox 1151 3924 1252 4003; x_wconf 88' lang='lat' dir='ltr'>insipi.</span> 
     </span>
     <span class='ocr_line' id='line_1_34' title="bbox 204 4000 1251 4080; baseline 0.006 -24"><span class='ocrx_word' id='word_1_218' title='bbox 204 4010 296 4069; x_wconf 80' lang='lat' dir='ltr'>entes,</span> <span class='ocrx_word' id='word_1_219' title='bbox 311 4000 347 4059; x_wconf 89' lang='lat' dir='ltr'>ad</span> <span class='ocrx_word' id='word_1_220' title='bbox 362 4021 462 4059; x_wconf 83' lang='lat' dir='ltr'>verum</span> <span class='ocrx_word' id='word_1_221' title='bbox 478 4021 530 4080; x_wconf 87' lang='lat' dir='ltr'>per</span> <span class='ocrx_word' id='word_1_222' title='bbox 543 4002 646 4059; x_wconf 86' lang='lat' dir='ltr'>Jesum</span> <span class='ocrx_word' id='word_1_223' title='bbox 662 4001 811 4059; x_wconf 83' lang='lat' dir='ltr'>Christum</span> <span class='ocrx_word' id='word_1_224' title='bbox 831 4000 887 4057; x_wconf 90' lang='lat' dir='ltr'>Dei</span> <span class='ocrx_word' id='word_1_225' title='bbox 902 4000 1013 4059; x_wconf 92' lang='lat' dir='ltr'>cultum</span> <span class='ocrx_word' id='word_1_226' title='bbox 1028 4021 1090 4061; x_wconf 88' lang='lat' dir='ltr'>sese</span> <span class='ocrx_word' id='word_1_227' title='bbox 1109 4002 1251 4079; x_wconf 82' lang='lat' dir='ltr'>adjunxe-</span> 
     </span>
     <span class='ocr_line' id='line_1_35' title="bbox 205 4079 1250 4157; baseline 0.005 -21"><span class='ocrx_word' id='word_1_228' title='bbox 205 4079 274 4145; x_wconf 85' lang='lat' dir='ltr'>rint,</span> <span class='ocrx_word' id='word_1_229' title='bbox 298 4100 360 4139; x_wconf 87' lang='lat' dir='ltr'>rcm</span> <span class='ocrx_word' id='word_1_230' title='bbox 383 4082 519 4139; x_wconf 87' lang='lat' dir='ltr'>humanis</span> <span class='ocrx_word' id='word_1_231' title='bbox 544 4081 654 4139; x_wconf 85' lang='lat' dir='ltr'>viribus</span> <span class='ocrx_word' id='word_1_232' title='bbox 677 4081 815 4157; x_wconf 87' lang='lat' dir='ltr'>majorem</span> <span class='ocrx_word' id='word_1_233' title='bbox 841 4081 936 4140; x_wconf 84' lang='lat' dir='ltr'>dicere</span> <span class='ocrx_word' id='word_1_234' title='bbox 959 4100 1019 4138; x_wconf 91' lang='lat' dir='ltr'>non</span> <span class='ocrx_word' id='word_1_235' title='bbox 1044 4081 1250 4151; x_wconf 84' lang='lat' dir='ltr'>dubitabimus,</span> 
     </span>
     <span class='ocr_line' id='line_1_36' title="bbox 204 4160 1251 4239; baseline 0.005 -23"><span class='ocrx_word' id='word_1_236' title='bbox 204 4179 270 4216; x_wconf 90' lang='lat' dir='ltr'>cum</span> <span class='ocrx_word' id='word_1_237' title='bbox 282 4162 443 4238; x_wconf 70' lang='lat' dir='ltr'>praesertim</span> <span class='ocrx_word' id='word_1_238' title='bbox 454 4180 640 4219; x_wconf 87' lang='lat' dir='ltr'>summacum</span> <span class='ocrx_word' id='word_1_239' title='bbox 657 4172 802 4239; x_wconf 83' lang='lat' dir='ltr'>potestate</span> <span class='ocrx_word' id='word_1_240' title='bbox 813 4173 843 4219; x_wconf 88' lang='lat' dir='ltr'>et</span> <span class='ocrx_word' id='word_1_241' title='bbox 857 4160 962 4220; x_wconf 85' lang='lat' dir='ltr'>fiducia</span> <span class='ocrx_word' id='word_1_242' title='bbox 974 4161 1106 4220; x_wconf 88' lang='lat' dir='ltr'>docuerit</span> <span class='ocrx_word' id='word_1_243' title='bbox 1116 4162 1251 4221; x_wconf 89' lang='lat' dir='ltr'>Christus</span> 
     </span>
     <span class='ocr_line' id='line_1_37' title="bbox 204 4241 1251 4319; baseline 0.004 -23"><span class='ocrx_word' id='word_1_244' title='bbox 204 4258 362 4317; x_wconf 84' lang='lat' dir='ltr'>numquam</span> <span class='ocrx_word' id='word_1_245' title='bbox 378 4260 459 4299; x_wconf 87' lang='lat' dir='ltr'>suam</span> <span class='ocrx_word' id='word_1_246' title='bbox 474 4241 587 4300; x_wconf 85' lang='lat' dir='ltr'>victum</span> <span class='ocrx_word' id='word_1_247' title='bbox 602 4242 637 4299; x_wconf 92' lang='lat' dir='ltr'>iri</span> <span class='ocrx_word' id='word_1_248' title='bbox 653 4241 822 4299; x_wconf 87' lang='lat' dir='ltr'>doctrinam.</span> <span class='ocrx_word' id='word_1_249' title='bbox 853 4241 957 4318; x_wconf 89' lang='lat' dir='ltr'>ltaque</span> <span class='ocrx_word' id='word_1_250' title='bbox 969 4241 1036 4317; x_wconf 82' lang='lat' dir='ltr'>jure</span> <span class='ocrx_word' id='word_1_251' title='bbox 1050 4262 1103 4319; x_wconf 87' lang='lat' dir='ltr'>pro</span> <span class='ocrx_word' id='word_1_252' title='bbox 1117 4241 1251 4300; x_wconf 88' lang='lat' dir='ltr'>Oraculis</span> 
     </span>
    </p>
   </div>
   <div class='ocr_carea' id='block_1_20' title="bbox 657 4366 802 4432">
    <p class='ocr_par' dir='ltr' id='par_1_20' title="bbox 657 4366 802 4432">
     <span class='ocr_line' id='line_1_38' title="bbox 657 4366 802 4432; baseline 0.021 -3"><span class='ocrx_word' id='word_1_253' title='bbox 657 4366 802 4432; x_wconf 56' lang='grc' dir='ltr'>ἲ(νον.)</span> 
     </span>
    </p>
   </div>
   <div class='ocr_carea' id='block_1_21' title="bbox 0 0 1626 5150">
    <p class='ocr_par' dir='ltr' id='par_1_21' title="bbox 0 0 1626 5150">
     <span class='ocr_line' id='line_1_39' title="bbox 0 0 1626 5150; baseline 0 1"><span class='ocrx_word' id='word_1_254' title='bbox 0 0 1626 5150; x_wconf 95' lang='lat' dir='ltr'> </span> 
     </span>
    </p>
   </div>
  </div>
 </body>
</html>
