3242 5150
289 431 338 492 IN
364 431 620 494 ANCYRANI
646 433 862 495 CONCILII
888 436 1118 499 CANONES.
1164 437 1228 503 137

228 600 310 663 Ibid.
327 599 346 662 l.
366 603 410 664 16.
428 603 564 666 ἐνιαυτὸν
578 603 754 688 ἀκροᾶσθαι]
774 603 883 688 Pergit
897 604 965 668 haec
977 605 1113 669 scribere
1123 606 1227 672 Zona

182 723 252 765 ras:
274 705 405 768 Τούτους
426 703 561 766 ἐνιαυτὸν
579 707 636 783 μέν
656 706 820 785 ἀκροᾶσθαι
840 709 964 784 κελεύει,
988 710 1022 770 ἐν
1045 709 1084 792 τῷ
1108 709 1229 789 νάρθηκι

183 804 367 883 ίσταμένους,
384 806 431 868 καὶ
446 804 607 872 ἀκούοντας
626 813 685 870 τῶν
704 813 838 888 γραφῶν,
855 810 922 887 τρία
940 813 973 872 δὲ
988 810 1039 888 ἔτη
1052 812 1229 874 ὑποπίπτειν

181 905 246 984 ἤτοι
260 908 386 970 ὄπισθεν
400 911 453 969 τού
467 908 606 985 ἄμβωνας
617 911 767 984 ἵστασθαι,
786 912 834 973 καὶ
845 915 919 988 μετὰ
935 915 993 974 τῶν
1003 913 1230 994 κατηχουμένων

182 1007 303 1086 ἐξιέναι,
320 1009 408 1089 εύχῆς
423 1010 455 1071 δὲ
469 1011 560 1088 μόνης
577 1015 756 1090 κοινωνῆσαι
774 1011 825 1089 ἔτη
845 1009 906 1087 δύο,
922 1013 995 1091 ὅπερ
1010 1010 1076 1076 εὀτὶ
1090 1013 1123 1075 τὸ
1142 1014 1230 1096 μέχρι

182 1109 287 1176 τέλους
301 1112 499 1174 συνίστασθαι
515 1114 562 1175 καὶ
577 1111 777 1195 συνεύχεσθαι
786 1119 982 1185 τοῖςπιστοΐς,
996 1116 1044 1177 καὶ
1052 1118 1126 1192 μετὰ
1137 1121 1230 1177 ταῦτα

181 1211 283 1275 ἐλθεῖν
307 1211 355 1276 ε’πὶ
382 1215 415 1276 τὸ
439 1214 568 1287 τέλειον,
589 1215 662 1293 ὅπερ
686 1213 778 1289 ἐστὶν,
801 1217 820 1293 ἡ
842 1221 901 1278 τῶν
923 1215 1115 1295 ἅγιασμύταν
1137 1216 1227 1294 μετά·

181 1323 283 1396 ληψις.
329 1313 480 1379 Ceterum
496 1324 609 1380 notatu
632 1317 691 1379 hoc
707 1317 837 1401 dignum
859 1323 920 1391 est,
937 1318 1140 1399 conjunctum
1162 1339 1231 1381 esse

182 1413 265 1480 hune
287 1439 438 1481 canonem
455 1440 526 1481 cum
548 1417 650 1481 altero
671 1417 817 1500 proxime
839 1426 991 1502 sequente
1012 1419 1096 1502 apud
1114 1418 1231 1503 Diony·

182 1519 262 1582 sium
290 1519 460 1602 Exiguum,
485 1519 691 1594 Crisconium,
716 1519 836 1582 Prisce
869 1520 1019 1583 Versimis
1043 1522 1231 1597 Auctorem,

182 1624 404 1706 Epitmnccque
426 1621 549 1685 illorum
575 1623 739 1694 Caeneum,
759 1643 838 1704 quos
862 1621 1049 1684 Hadrianus
1068 1624 1093 1685 I.
1117 1622 1231 1686 Garolo

183 1725 304 1810 Magno
320 1725 430 1788 Remea
451 1725 588 1800 obtulit3
616 1724 699 1786 unde
722 1724 853 1799 Iactum,
868 1732 904 1787 ut
927 1733 1168 1788 numerarentur
1189 1726 1232 1789 ab

181 1825 408 1910 interpretibus
423 1825 565 1910 pluribus
588 1824 710 1888 Latinis
726 1846 862 1887 canones
877 1832 1003 1888 tanturn
1018 1847 1105 1886 χειν.
1125 1826 1230 1910 Ancy-

181 1928 251 1992 roni
266 1928 359 2012 hujus
375 1927 504 1991 Ooncilii
520 1949 578 2012 pro
595 1949 670 1990 xxv.
686 1927 727 1988 ad
743 1936 927 2011 computum
943 1930 1135 1991 Graecorum.

227 2030 306 2092 Ibid.
323 2030 343 2093 Ι.
358 2032 404 2092 18.
422 2032 470 2092 ἐπὶ
485 2030 519 2092 τὸ
534 2029 664 2113 τέλειον]
686 2029 744 2094 Ait
765 2029 825 2092 hoc
845 2039 1021 2093 memorato
1041 2029 1171 2093 Oenone
1189 2029 1229 2092 ls.

182 2133 388 2196 Oasaubonus
407 2132 553 2194 Ενννοίθ.
574 2131 647 2194 cdv.
669 2132 852 2206 Bononiam,
878 2132 938 2194 xvi.
965 2140 1041 2195 sect.
1058 2135 1110 2211 48.
1138 2154 1231 2216 quem

182 2235 308 2318 quidem
330 2233 509 2298 Gasauboni
530 2234 633 2296 locum
656 2256 676 2296 a
699 2233 829 2296 Suicero
852 2254 935 2296 nunc
957 2233 1048 2297 video
1070 2235 1165 2298 Iuisse
1187 2235 1232 2298 al·

182 2337 282 2400 lat-um
305 2337 338 2399 in
365 2338 514 2400 Thesauro
536 2359 593 2399 suo
615 2335 728 2399 Εοοίνς.
748 2358 823 2399 voce
844 2338 988 2402 Τέλειοςε
1012 2345 1033 2374 “
1047 2335 1092 2398 Τὸ
1114 2337 1232 2398 τέλειον

184 2450 205 2471 “
221 2439 374 2524 pertectio
403 2449 459 2503 aut
490 2438 720 2502 consummatio
746 2449 796 2500 est
826 2438 895 2521 ipsa
921 2437 1134 2502 Eucharistia.
1162 2459 1232 2521 quae

185 2553 204 2575 '⁸
221 2541 319 2605 etiarn
334 2541 488 2625 Dionysio
504 2541 621 2605 dicitur
641 2541 801 2613 τελείωσις,
818 2549 855 2603 ut
874 2549 950 2604 ante
970 2540 1231 2603 observabamus:

185 2657 205 2679 “
222 2644 296 2729 quia
312 2644 522 2729 conjunctioni
539 2651 656 2708 nostrae
673 2665 743 2705 cum
760 2642 896 2717 Christo,
913 2644 1002 2726 cujus
1021 2643 1235 2706 instrumenta

185 2758 205 2781 ‘¹
221 2758 297 2811 sunt
318 2748 447 2809 verbum
474 2746 533 2809 Dei
557 2752 590 2809 et
613 2751 822 2819 sacramenta,
840 2744 934 2807 veluti
950 2744 1156 2829 colophonem
1176 2743 1233 2805 im-

185 2860 204 2881 “
221 2849 311 2933 ponit
333 2848 536 2931 participatio
559 2848 699 2932 corporis
713 2856 747 2910 et
769 2847 931 2932 sanguinis
949 2846 1066 2911 Christi
1089 2846 1123 2909 in
1142 2868 1233 2910 coena

184 2960 205 2999 θ’
223 2948 399 3024 Βοιαίαίαα,
417 2949 519 3012 nullus
541 2950 625 3013 enim
648 2957 749 3013 restat
771 2948 853 3013 alius
866 2949 978 3013 modus
997 2970 1061 3033 quo
1083 2949 1115 3011 in
1137 2949 1233 3013 terris

185 3062 205 3084 '⁴
222 3058 384 3113 versantes
408 3050 526 3113 arctius
549 3072 619 3113 curn
643 3050 771 3113 Oluisto
796 3050 901 3135 capite
927 3061 1037 3115 nostro
1062 3051 1232 3136 conjunga-

187 3163 206 3185 ·‘
224 3151 322 3214 mur?⁵
338 3172 367 3235 p.
381 3168 453 3233 505.
470 3150 518 3212 ed.
536 3152 650 3213 Genev.

603 3335 754 3399 OANON
779 3334 821 3398 V.

225 3459 260 3519 P.
277 3476 288 3519 ι
301 3462 345 3519 ιύ.
360 3462 379 3520 Ι.
396 3478 420 3520 ι.
435 3464 578 3521 Kanna
593 3460 642 3538 E]
655 3458 860 3521 Occasionem
873 3461 952 3524 dant
963 3460 1033 3523 aliis
1044 3461 1233 3545 interpretes

186 3559 304 3636 Latini,
320 3568 356 3623 ut
382 3568 507 3624 tanturn
528 3562 640 3647 viginti
662 3568 695 3625 et
717 3572 855 3645 quatuor
874 3584 1009 3625 canones
1031 3562 1103 3625 huic
1128 3567 1234 3647 Ancy-

185 3684 264 3724 rano
280 3662 428 3738 Concilio,
449 3671 544 3746 prout
565 3664 661 3725 modo
681 3663 755 3737 dixi,
772 3672 948 3746 apponant,
971 3664 1017 3725 vei
1038 3664 1121 3727 hunc
1140 3665 1232 3747 quin-

184 3771 254 3828 tum
277 3765 429 3848 superiori
450 3765 624 3849 jungendo,
648 3764 698 3828 vel
721 3764 867 3829 Oenones
883 3764 1009 3828 XXII.
1030 3772 1063 3830 et
1082 3766 1232 3829 XXIII.

185 3886 282 3927 unum
298 3865 451 3927 iaciendo.

229 3964 308 4028 Ibid.
326 3965 345 4027 l.
357 3984 387 4048 5.
404 3968 491 4048 χωρὶς
508 3968 694 4049 προσφορᾶς]
713 3968 857 4030 Zonaras
871 3968 1017 4030 ait-vav
1032 3968 1079 4030 καὶ
1094 3969 1233 4047 περὶτῶν

185 4070 346 4149 φαγόντων
360 4070 416 4146 μὲν
431 4072 622 4142 εἰδωλόθυτα,
639 4068 828 4147 δακνομένων
843 4066 867 4130 δ’
885 4071 934 4130 ἐπὶ
954 4070 1111 4153 τούτῳκαὶ
1130 4074 1233 4149 δακρυ-

184 4170 290 4244 όντων,
300 4170 405 4249 φηπίν.
426 4170 478 4236 οθς
488 4172 562 4248 μετὰ
573 4173 701 4251 τριετίαν
717 4175 766 4247 τῆς
780 4170 977 4235 ὑποπτύσεως
986 4170 1128 4251 δέχεσθαι
1139 4195 1233 4250 παρα·

183 4271 337 4332 κελεύεται
360 4272 402 4335 είς
424 4272 572 4332 σύστασιν
594 4272 684 4353 χωρὶς
706 4275 892 4351 προσφορᾶς,
917 4270 1010 4350 ἤγουν
1033 4271 1232 4334 συνίστασθαι

182 4372 240 4450 μὶν
255 4372 289 4433 έν
304 4376 339 4455 τῇ
355 4374 497 4454 ἐκκλησία
512 4376 574 4437 τοῖς
588 4378 714 4447 πιστοῖς,
731 4374 769 4451 μὴ
783 4371 1029 4451 μεταλαμβάνειν
1046 4370 1087 4433 δέ.
1136 4370 1229 4433 Simi-

228 4493 294 4534 τοι.
311 4494 353 4534 ιν.
700 4498 718 4535 ν
