3242 5150
364 409 430 469 342
595 407 627 468 S.
654 405 898 469 PAMPHILI
925 403 1183 467 MARTYRIS

364 577 452 641 dieta
478 576 546 661 ejus
572 576 725 652 incusare,
751 598 861 639 verum
887 575 985 640 etiam
1011 574 1163 638 adversus
1188 595 1243 638 ecs
1269 573 1322 659 qui
1347 573 1417 638 haec

365 686 474 770 legunt
504 685 636 749 hostiles
669 685 851 750 inimicitias
880 706 1016 763 sumere,
1045 692 1114 749 tam
1142 683 1348 767 pertinaciter
1383 683 1416 746 id

365 800 536 881 *agentem
551 795 688 859 utnulla
703 816 833 879 prorsus
847 795 939 860 venia
955 817 1009 860 eos
1024 795 1136 880 dignos
1157 794 1267 857 haberi
1289 801 1414 878 putent,

364 929 405 970 ne
419 928 458 970 ea
472 905 608 991 quidem,
625 925 720 989 quam
740 905 903 990 impertire
923 906 1035 985 solent,
1052 907 1138 970 verbi
1157 905 1275 990 gratia,
1291 904 1341 968 his
1361 905 1415 988 qui

364 1016 412 1079 vel
436 1016 621 1079 Graecorum
643 1013 841 1079 saecularium
866 1015 973 1092 libros,
998 1014 1046 1078 vel
1070 1035 1297 1099 nonnunquam
1318 1014 1416 1078 etiam

364 1125 596 1202 haereticorum,
611 1125 839 1209 percunctandi
854 1133 952 1209 atque
966 1125 1157 1209 agnoscendi
1180 1125 1288 1190 studio
1303 1124 1414 1188 decur-

364 1243 450 1300 runt.
496 1235 563 1299 Sibi
586 1235 661 1299 solis
679 1235 800 1299 scilicet
821 1235 949 1299 concedi
963 1235 1079 1298 debere
1096 1234 1244 1319 peritiam
1259 1234 1416 1319 probandi

364 1346 516 1411 sermonis
530 1352 656 1430 putant,
673 1353 710 1408 ut
725 1346 751 1408 si
766 1345 843 1429 quid
857 1344 937 1408 bene
952 1345 1115 1428 abaliquo
1131 1345 1251 1408 dictum
1266 1350 1326 1422 est,
1341 1343 1416 1408 reti-

364 1478 438 1521 nere
459 1457 573 1532 sciant,
586 1458 628 1519 ab
648 1456 733 1518 omni
753 1461 861 1518 autem
877 1454 980 1537 specie
996 1454 1079 1518 mela
1097 1454 1257 1518 abstinere
1273 1477 1307 1519 se
1323 1477 1416 1519 nove-

363 1566 449 1639 rint;
473 1564 515 1627 ab
538 1564 587 1627 his
602 1585 676 1627 vero
696 1563 749 1647 qui
766 1562 912 1646 Origenis
930 1563 1029 1626 libros
1048 1563 1166 1645 legunt,
1182 1562 1268 1627 istud
1288 1563 1416 1648 penitus

364 1675 526 1739 exclusum
546 1682 663 1758 putant
677 1696 747 1737 esse
766 1675 965 1750 mandatum,
980 1695 1042 1758 quo
1063 1672 1244 1755 probabiles
1262 1674 1416 1758 jubentur

363 1783 442 1847 effici
453 1782 617 1866 trapezitae
629 1782 774 1861 scientes,
790 1783 901 1866 ¹¹quod
916 1782 1035 1846 bonum
1050 1790 1100 1845 est
1111 1781 1258 1854 retinere,
1273 1781 1315 1846 ab
1329 1781 1415 1845 omni

363 1899 472 1956 autem
493 1890 596 1976 speeie
618 1892 703 1955 mala
724 1913 758 1956 se
779 1891 957 1956 abstinere:
982 1891 1037 1955 sed
1056 1891 1280 1955 tantummodo
1298 1891 1325 1954 si
1345 1893 1415 1975 quis

362 2001 467 2086 legere
483 2000 581 2064 libros
603 2000 685 2063 illius
707 2000 791 2064 visus
813 2000 920 2078 fuerit,
936 2000 1047 2064 statim
1061 2001 1103 2064 ab
1125 1999 1174 2063 his
1194 1999 1414 2064 haereticorum

364 2108 573 2193 perfundetur
596 2107 735 2172 infamia.
780 2108 928 2194 Denique
951 2130 1022 2172 cum
1049 2108 1157 2173 multis
1179 2109 1321 2172 honestae
1341 2109 1415 2173 vitae

364 2225 398 2281 et
412 2216 548 2301 religiosi
571 2217 723 2301 propositi
738 2217 813 2281 viris
832 2216 994 2303 inquibus
1009 2217 1086 2281 nihil
1105 2239 1236 2302 prorsus
1254 2217 1354 2302 culpae
1369 2218 1415 2279 in·

364 2327 505 2403 veniunt,
532 2325 710 2390 inimicitias
731 2334 865 2412 propter
889 2328 949 2390 hoc
973 2327 1074 2390 solum
1099 2327 1229 2400 habent,
1254 2328 1280 2390 si
1305 2347 1415 2390 eorum

364 2437 505 2501 studium
536 2437 619 2500 eirca
649 2437 816 2501 memorati
842 2436 901 2500 viri
923 2437 1020 2500 libros
1046 2436 1232 2521 propensius
1254 2459 1324 2500 esse
1345 2458 1415 2521 per·

364 2547 535 2634 spexen'nt,
551 2546 733 2612 invidiosius
755 2546 853 2612 etiam
875 2545 939 2613 ista
961 2547 1125 2632 fingentes,
1143 2547 1227 2631 quod
1249 2545 1360 2611 abhis
1382 2546 1415 2610 in

364 2661 433 2723 loco
455 2667 638 2724 sanctorum
663 2660 892 2743 Apostolorum
918 2659 966 2722 vel
994 2658 1228 2742 Prophetarum
1254 2665 1321 2722 tam
1348 2658 1415 2742 ipse

365 2793 460 2856 quam
475 2770 562 2834 dicta
576 2770 645 2853 ejus
660 2769 849 2833 habeantur.
889 2769 952 2831 Sed
966 2769 1007 2832 de
1022 2769 1081 2831 hoc
1096 2776 1218 2832 eertum
1234 2790 1297 2831 non
1312 2768 1415 2832 habeo

365 2889 473 2945 utrum
503 2880 715 2944 calumniandi
742 2888 817 2943 voto
846 2881 1069 2945 tantummodo
1096 2880 1158 2943 ista
1187 2879 1345 2956 factitant,
1373 2900 1415 2942 an

365 2993 462 3055 etiam
486 2991 527 3054 ab
553 2991 711 3076 aliquibus
735 2991 985 3074 simplicioribus,
1013 2999 1046 3054 et
1072 2990 1275 3075 propensiore
1300 2990 1415 3053 affeetu

365 3099 568 3184 diligentibus
596 3100 706 3176 virum,
738 3100 910 3182 aliqnando
939 3100 1084 3165 fortassis
1118 3100 1182 3164 tale
1211 3099 1329 3184 aliquid
1359 3122 1415 3164 au-

365 3208 491 3272 dierint.

409 3316 476 3379 Nos
500 3323 609 3380 tamen
633 3317 837 3402 perspicimus
860 3318 1042 3403 frequenter
1064 3341 1102 3383 ea
1125 3340 1195 3404 quae
1218 3320 1259 3382 ab
1283 3340 1321 3381 eo
1343 3339 1416 3382 cum

364 3448 480 3511 magno
495 3427 609 3490 timore
632 3427 692 3491 Dei
714 3435 747 3492 et
770 3450 841 3491 cum
864 3429 950 3492 omni
972 3429 1152 3494 humilitate
1168 3430 1326 3502 dicuntur,
1343 3451 1414 3493 cum

364 3536 488 3600 veniam
502 3536 585 3622 petit
600 3559 659 3622 pro
673 3537 723 3601 his
739 3560 810 3622 quac
832 3560 889 3621 per
908 3537 1037 3601 nimiam
1057 3540 1293 3614 discussionem,
1310 3546 1344 3603 et
1358 3561 1417 3624 per

364 3648 497 3711 multam
520 3649 749 3713 scrutationem
770 3649 1009 3733 Scripturarum
1029 3649 1135 3712 animo
1157 3650 1349 3735 disputantis
1364 3672 1415 3713 oo·

364 3765 513 3822 currunt:
538 3780 607 3842 quae
624 3781 695 3822 cum
710 3759 852 3843 exponit,
868 3760 1050 3843 frequenter
1064 3760 1183 3823 addere
1197 3760 1279 3823 solet
1295 3768 1328 3824 et
1344 3782 1415 3844 pro-

364 3868 457 3945 fiteri,
480 3890 599 3931 senon
622 3869 689 3931 haee
712 3868 802 3953 quasi
825 3868 988 3933 definitiva
1010 3868 1220 3953 pronunciare
1242 3868 1414 3947 sententia,

365 4001 421 4042 nec
436 3987 561 4041 statuto
582 3979 732 4063 dogmate
752 3980 936 4056 terminare,
951 3980 1006 4043 sed
1028 3979 1186 4063 inquirere
1206 4001 1265 4064 pre
1285 3979 1415 4057 viribus,

364 4097 398 4153 et
427 4110 552 4151 sensum
586 4088 744 4151 discutere
774 4087 1023 4171 scripturarum,
1053 4111 1111 4153 nec
1136 4096 1243 4153 tamen
1273 4090 1416 4173 profiteri

364 4199 450 4282 quod
468 4197 591 4281 integre
606 4196 807 4281 perfecteque
823 4198 1116 4281 comprelrenderit;
1146 4198 1298 4283 suspicari
1314 4196 1416 4282 magis

494 4342 508 4369 “
520 4339 583 4401 (scr.
595 4340 684 4403 fllium)
995 4344 1009 4381 h
1026 4357 1034 4389 r
1050 4342 1134 4391 Thess.
1150 4357 1171 4388 r.
1191 4355 1230 4400 ar,
1244 4354 1282 4388 ιι.
