3242 5150
306 420 357 482 IN
382 419 416 480 S.
439 419 659 482 DIONYSII
685 419 808 484 LIBB.
832 419 897 482 DE
922 419 1139 484 NATURA.
1189 421 1253 483 425

203 592 324 668 κροῦσιν,
339 595 398 651 aut
411 586 503 652 aliud'
512 586 634 652 similet
655 587 739 668 Quid
754 589 792 666 si,
807 589 893 672 quod
907 588 1009 672 magis
1023 587 1139 672 planet,
1153 593 1253 653 νουθε-

203 690 345 765 τούντων,
366 695 547 753 mutaretur
567 689 601 753 iu
624 693 851 754 νουθετοῦνταιὲ
873 691 1018 754 Vmerus.
1065 688 1117 752 Ex
1131 690 1254 774 eonjeo·

204 790 286 854 turis
314 789 384 854 istis
413 812 479 875 prae
508 791 632 855 eoeteris
657 791 733 855 mibi
758 813 884 876 quoque
909 791 1056 876 plaeebat
1081 795 1252 875 postrema,

204 911 302 974 quem
322 890 431 954 firmet
444 892 518 955 Me.
534 891 608 955 Coll.
624 893 659 956 S.
671 892 764 955 Jooo.
779 892 813 955 in
835 914 898 976 quo
920 891 1061 976 positum
1082 897 1133 954 est
1153 895 1255 955 νουθε-

203 997 333 1055 τοῦνται.
377 991 474 1055 Hano
497 991 596 1076 igitur
618 992 786 1057 lectionem
808 994 924 1078 reoepi.
978 994 1071 1057 Nune
1097 998 1254 1078 praestant

205 1097 412 1157 νουθετοῦνται
427 1095 528 1156 MSS.
545 1094 764 1178 Gaabsords‘om'
777 1096 915 1179 quiaque.

249 1195 287 1257 P.
300 1195 374 1278 396.
390 1194 410 1258 l.
426 1196 475 1258 16.
493 1197 532 1262 ὡς
546 1193 585 1258 ἃν
596 1196 731 1280 παρείκῃ]
748 1195 916 1258 Interdum
931 1192 1184 1278 impersonaliter
1197 1193 1254 1257 ad-
1362 1191 1367 1201 “

204 1295 306 1359 hiberi
333 1296 393 1359 hoo
415 1297 545 1360 verbum
567 1297 709 1361 ostendit
730 1296 870 1360 Budaeus
894 1297 1051 1359 Commod.
1075 1295 1168 1379 hiep.
1197 1296 1253 1360 Gr.

204 1419 235 1481 p.
244 1414 320 1481 550.
336 1397 386 1460 ed.
401 1397 442 1459 R.
457 1396 567 1483 Steph.
584 1398 639 1461 ubi
656 1420 698 1460 ex
719 1405 850 1462 auotore
870 1397 1017 1481 quodam,
1033 1396 1170 1460 Platone
1192 1397 1255 1460 for-

206 1520 274 1574 san,
289 1498 351 1560 hoe
364 1497 469 1574 affert,
483 1499 559 1562 ὅσον
573 1499 612 1562 ἀν
626 1501 789 1580 δυνάμεθα,
802 1499 851 1562 καὶ
867 1497 982 1582 ἑκάστῳ
997 1498 1130 1582 παρείκῃ.
1152 1496 1255 1560 Paulo

205 1607 279 1684 post
303 1600 378 1663 MS.
406 1599 535 1664 exhibet
553 1599 711 1679 ὑπέβαλεν
734 1599 826 1678 αὐτὴν
851 1621 910 1683 pro
933 1600 1110 1677 ὑπέβαλλεν
1137 1599 1253 1676 ἑαυτὴν,

206 1703 291 1786 quod
301 1701 427 1786 quidem
440 1701 596 1780 ἀπέβαλεν
606 1700 721 1785 recepi.
752 1699 816 1764 Sed
825 1707 859 1765 et
870 1721 953 1763 nuno
967 1698 1059 1764 addit
1068 1698 1255 1763 Gaisfordm

205 1804 318 1868 codiee
331 1807 461 1889 quiaque
474 1802 565 1881 αὐτὴν
580 1809 779 1889 praestantes.

250 1905 289 1968 P.
306 1923 379 1988 397.
403 1905 424 1968 l.
440 1927 473 1985 4.
506 1904 646 1985 ἑκατέρας
671 1904 850 1984 συνεκόμισε
879 1903 1007 1986 καίριον]
1036 1901 1118 1966 Haeo
1143 1901 1257 1966 mutila.

206 2014 290 2071 suut.
336 2006 414 2091 Legi
431 2014 538 2091 queat,
554 2008 596 2073 sle
606 2005 661 2070 τάν
675 2004 816 2086 ἑκατέρας
829 2007 886 2068 &a
902 2004 1041 2085 ἑκατέρας
1052 2010 1172 2080 eutem,
1182 2003 1256 2070 νεὸς

206 2109 326 2174 soilioet
348 2116 383 2172 et
404 2108 525 2188 ἀμάξης.
548 2109 693 2171 Vreaous.
739 2106 823 2187 Quid
839 2106 866 2170 si
887 2107 1013 2191 legetur
1033 2106 1167 2187 ἑκάτερα,
1182 2106 1214 2170 h.
1226 2127 1255 2169 e.

205 2209 301 2294 ligno,
317 2231 388 2293 quae
403 2210 445 2273 ad
460 2221 639 2294 utrumque,
654 2215 688 2274 et
703 2230 817 2273 novem
832 2216 866 2272 et
880 2205 1067 2285 vehiculum,
1082 2207 1255 2293 pertinent,

206 2310 431 2375 adverbialiter
454 2312 567 2391 sculptor
588 2310 755 2375 adhibito!
783 2311 844 2374 Ait
865 2317 979 2376 auetor
1001 2310 1084 2374 infra
1107 2309 1201 2374 simili
1222 2309 1257 2372 in

207 2433 314 2488 eausa,
332 2413 380 2475 καὶ
394 2413 507 2475 ἕκαστα
521 2411 683 2493 συμφέρων
702 2415 776 2476 κατά
795 2413 849 2490 τὴν
863 2414 1027 2491 οἰκειότητα
1041 2411 1116 2492 πρὸς
1130 2412 1258 2475 ἑκάστου

208 2517 322 2594 ψαῦσιν
337 2511 463 2594 ἀστέρος
477 2534 508 2597 p.
517 2532 591 2593 400.
608 2513 628 2577 l.
643 2531 672 2596 7.

253 2614 335 2677 Ibid.
351 2614 371 2676 l.
384 2634 413 2697 9.
435 2616 591 2696 ὁράτωσαυ
605 2618 663 2696 γὰρ
682 2618 736 2682 τὰς
753 2614 896 2681 ἀθεάτους
914 2616 1035 2698 ἑκεῖνοι]
1064 2613 1175 2698 Neque
1189 2615 1257 2678 haeo

209 2714 289 2778 satis
303 2721 403 2778 easta.
447 2715 529 2784 Quae
544 2716 628 2780 enim
642 2715 703 2781 illae
719 2724 794 2780 sunt
808 2716 938 2795 ἀθέατοι,
955 2738 1034 2800 ques
1044 2715 1169 2790 videre;
1187 2738 1258 2799 quae

208 2837 306 2902 porro
328 2818 457 2896 ἀνόητοι,
474 2840 553 2902 ques
575 2818 716 2902 eogitare
735 2819 850 2903 jubet!
871 2818 1030 2883 Auferte
1050 2818 1260 2903 subintelligit

210 2919 337 3000 φύσειςθ
359 2918 452 2983 Esto.
475 2920 529 3004 qui
549 2920 664 2983 deinde
684 2920 913 2984 sententiarum
935 2920 1069 2983 istarum
1089 2941 1189 2984 nexus
1209 2926 1260 2984 est

209 3020 355 3086 futurus!
377 3022 472 3086 Alter
482 3023 610 3107 quidem
621 3044 662 3087 ex
677 3022 774 3087 MSS.
785 3043 844 3107 pro
853 3022 995 3089 ἀθεάτους
1006 3022 1129 3090 ἀθέτους
1140 3022 1256 3086 babet:

209 3124 294 3187 uude
320 3146 430 3188 sensus
452 3124 503 3188 bio
528 3123 599 3189 elici
622 3124 732 3210 possit,
757 3133 797 3189 ut
820 3146 875 3188 eos
896 3124 1011 3209 jubeat
1033 3124 1260 3210 incompositas

210 3223 292 3301 illes,
314 3231 348 3289 et
370 3226 513 3304 ἀνοήτους
535 3225 603 3289 b.e.
628 3226 762 3290 stolidos
784 3233 911 3291 atomos
936 3226 1118 3311 diligentius
1143 3248 1261 3312 expen-

212 3326 296 3403 dere,
313 3349 376 3390 non
392 3328 518 3413 segnius
538 3335 572 3391 et
586 3327 691 3392 obiter
709 3327 846 3401 intueri;
873 3328 958 3412 quod
977 3328 1035 3392 abs
1055 3350 1124 3393 sese
1137 3328 1259 3392 fectum

211 3429 317 3493 David
339 3428 414 3491 olim
428 3430 592 3494 fatebatur
613 3430 647 3493 in
666 3429 715 3493 sui
736 3429 835 3514 ipsius
857 3430 961 3493 adhue
981 3429 1156 3513 imperfecti
1176 3428 1259 3513 eogi-

211 3530 333 3594 tatione
356 3530 573 3596 informanda:
601 3553 664 3615 quo
685 3530 808 3595 facilius
829 3530 1018 3615 intelligant,
1042 3552 1082 3594 ex
1103 3536 1198 3594 tanta
1222 3530 1258 3592 il-

210 3624 313 3695 l'arum
336 3632 589 3716 perturbatione,
605 3632 787 3696 ordinatam
808 3631 1005 3718 politumque
1025 3630 1103 3694 nihil
1123 3631 1259 3695 existere

210 3734 364 3819 potuisse.
388 3736 536 3798 Vreuaus.
581 3733 662 3798 Esse
677 3733 821 3800 ἀθεάτους
839 3732 966 3817 quidem
985 3734 1111 3812 ἀτόμους
1129 3732 1181 3796 hio
1195 3755 1260 3797 me·

211 3844 364 3914 moratas,
379 3836 455 3923 quin
470 3842 613 3900 censeret
628 3834 797 3920 Epicurus,
810 3834 865 3898 vix
884 3834 1005 3912 dubito,
1022 3834 1087 3919 qui,
1103 3835 1261 3900 referente

211 3937 281 4021 ipso
297 3938 451 4023 Dionysio
470 3960 575 4024 supra,
592 3936 827 4015 ἀνεπαισθήτους
841 3936 921 4001 istas
940 3937 1017 4002 εἶναι
1035 3943 1168 4022 propter
1186 3959 1260 4021 par·

212 4043 345 4107 vitatem
360 4064 450 4108 suam
465 4043 591 4108 dixerit.
623 4041 693 4105 Vid.
708 4062 781 4126 pag.
791 4061 867 4125 394.
882 4041 936 4106 lin.
950 4058 1002 4122 17.
1036 4042 1260 4104 Verumtamen

212 4153 344 4231 propter
358 4145 583 4227 ἀκατέργαστον
601 4144 678 4208 illud
698 4165 773 4207 mox
792 4144 934 4221 allatum,
952 4164 1087 4227 quoeum
1103 4141 1172 4205 haee
1187 4162 1260 4205 eona

212 4246 287 4310 ferri
317 4247 473 4324 videntur,
500 4247 587 4311 haud
612 4246 791 4331 spernenda
819 4244 910 4309 nobis
939 4250 989 4309 est
1014 4241 1137 4309 ἀθέτοος
1165 4240 1260 4303 leotio

213 4347 345 4412 alterius
355 4370 395 4412 ex
412 4347 508 4412 MSS.
526 4348 643 4432 Vigeri.
688 4347 855 4413 Extiterat
872 4352 1029 4432 praeterea
1047 4366 1109 4409 vox
1124 4340 1261 4407 εὐθέτους

259 4470 325 4512 von.
341 4471 384 4513 ιτ.
712 4469 762 4532 31
