3242 5150
386 387 451 450 880
613 387 646 451 S.
672 387 917 453 PAMPHILI
943 390 1201 455 MARTYRIS

386 558 454 641 ejus
474 578 513 621 ac
534 557 659 622 timoris
680 557 713 621 in
734 559 849 624 divinis
871 560 1074 645 dogmatibus
1095 583 1164 626 esse
1185 562 1325 638 deberet,
1349 561 1437 644 quod

385 666 469 730 tanti
484 687 593 730 sensus
611 666 667 744 vir,
683 673 716 731 et
735 675 836 733 tantae
857 669 1045 755 prudentiae,
1061 691 1134 734 oum
1152 671 1263 757 utique
1282 669 1439 756 magister

385 783 470 841 esset
492 777 653 856 Ecclesiae,
669 785 703 842 et
722 784 816 844 tanta
838 781 880 845 ab
902 803 940 845 eo
955 782 1042 846 dicta
1064 783 1286 858 scriberentur,
1302 803 1367 845 non
1385 789 1437 845 est

385 906 482 948 ansus
502 883 536 948 id
558 883 618 948 sibi
640 885 842 951 auctoritatis
863 909 1035 966 assumere,
1058 895 1096 953 ut
1117 887 1245 974 proprie
1267 887 1307 952 de
1328 888 1439 952 anima

384 993 500 1057 librum
514 994 625 1058 ederet
643 993 806 1080 scriptum.
852 996 1067 1062 Proculdubio
1082 998 1151 1062 heac
1169 997 1352 1063 observat-io
1366 998 1436 1082 ejus

384 1105 462 1170 illud
482 1104 612 1184 indicet,
629 1108 714 1193 qnod
728 1107 806 1171 nihil
827 1108 968 1173 audebat
980 1109 1021 1172 de
1039 1110 1100 1174 hac
1121 1131 1156 1174 re
1175 1109 1344 1174 manifesto
1358 1110 1438 1195 dog-

383 1224 471 1282 mate
484 1217 681 1283 confirmare.
724 1217 871 1303 Denique
890 1219 923 1283 in
937 1241 977 1282 eo
994 1220 1077 1284 libro
1091 1242 1187 1305 quem
1206 1221 1238 1284 in
1256 1220 1436 1304 Epistolam

386 1328 535 1414 Apostoli
556 1330 599 1392 ad
621 1327 730 1393 Titum
752 1329 873 1406 scribit,
895 1329 1077 1395 baereticum
1101 1330 1293 1408 describens,
1313 1336 1347 1395 ct
1368 1330 1437 1394 nni-

384 1459 445 1501 moe
460 1437 579 1503 faciens
593 1437 795 1518 mentionem,
811 1439 880 1504 haec
895 1439 983 1504 dicit.

577 1652 752 1736 Responsio
767 1652 810 1716 ad
825 1655 970 1716 octavum
985 1652 1245 1717 criminationem

786 1810 939 1875 CAPUT
963 1811 1027 1876 IX.

814 1939 864 2001 De
877 1938 994 2002 anima.

426 2066 591 2128 Omenuas.
615 2066 697 2127 Sunt
711 2064 1091 2128 ooo—-imrodaoenue

426 2173 620 2236 Psnrnnns.
643 2172 767 2236 Deinde
781 2179 972 2258 postpauca
985 2172 1043 2237 ait.

425 2283 593 2346 Omosuns.
609 2282 673 2347 sod
684 2282 949 2348 a-—todaewera

425 2392 619 2455 Pnurmnus.
643 2392 726 2456 Haec
748 2392 876 2477 quidem
897 2391 964 2478 ipse
986 2392 1019 2455 in
1033 2414 1071 2456 eo
1094 2391 1205 2456 *libro
1220 2413 1313 2476 quem
1333 2413 1433 2477 supra

382 2503 528 2582 diximus,
544 2503 664 2568 scribit.
710 2502 777 2568 Nos
792 2525 867 2568 vero
880 2503 930 2567 his
944 2502 1146 2588 adjungimus
1161 2501 1259 2566 etiam
1278 2501 1342 2566 ista
1357 2522 1430 2587 quoe

381 2613 474 2679 nobis
494 2614 565 2699 ipsa
584 2613 721 2699 aequitas
745 2613 871 2677 videtur
894 2633 1072 2697 exposcere.
1117 2612 1152 2676 Si
1174 2610 1339 2675 manifeste
1365 2610 1430 2674 Ec·

382 2725 478 2790 clesia
490 2726 635 2791 traderet
650 2725 699 2790 vel
716 2725 905 2811 praediearet
924 2725 1085 2789 contraria
1099 2724 1149 2788 his
1164 2745 1234 2810 quea
1251 2724 1303 2787 ille
1318 2722 1430 2801 sensit,

383 2836 451 2900 sine
476 2835 573 2899 dnbio
598 2835 684 2900 velut
712 2835 891 2901 contrarius
921 2842 954 2900 et
980 2834 1131 2899 resistens
1162 2833 1294 2898 statutis
1323 2832 1433 2897 Eccle-

382 2946 518 3011 siastiois
539 2946 654 3011 merito
676 2947 865 3032 culparetur.
910 2946 1002 3011 Nunc
1018 2967 1093 3010 vero
1108 2966 1180 3008 enm
1201 2942 1367 3008 diversitas
1389 2942 1433 3007 sit

380 3054 467 3138 apud
490 3075 598 3118 omnes
614 3054 864 3131 Ecclesiasticos,
880 3062 913 3119 et
934 3054 988 3119 olii
1008 3054 1071 3119 alia
1090 3055 1131 3119 de
1150 3054 1258 3118 anima
1278 3052 1432 3129 sentiant,

382 3171 416 3228 et
438 3184 547 3227 omnes
561 3164 705 3236 diversa;
729 3165 888 3248 quomodo
910 3164 961 3228 hio
979 3164 1081 3250 magis
1099 3184 1195 3248 quam
1218 3161 1327 3227 eaeteri
1344 3160 1434 3225 ineu·

286 3288 290 3299 ·
382 3273 500 3337 sandus
522 3279 584 3348 est,
606 3271 744 3336 maxime
766 3294 838 3335 cum
861 3293 901 3337 ea
925 3295 996 3358 quae
1022 3294 1042 3337 n
1066 3273 1195 3358 reliquis
1220 3272 1432 3350 affirmantur,

382 3380 484 3445 multo
498 3380 600 3466 magis
614 3388 648 3445 et
662 3381 802 3446 absurda
816 3382 993 3457 videantur,
1010 3390 1045 3449 et
1058 3383 1118 3447 sibi
1133 3383 1203 3470 ipsa
1218 3380 1399 3446 contraria!

426 3491 563 3573 Quidam
584 3492 668 3556 enim
690 3492 863 3578 opinantur
883 3494 1073 3579 praeparatis
1090 3494 1159 3577 jam
1180 3492 1214 3557 in
1227 3497 1338 3556 ventre
1360 3511 1433 3554 mn·

381 3602 494 3667 lierum
518 3602 766 3688 deformatisque
788 3603 984 3689 corporibus,
1005 3610 1083 3669 tunc
1104 3603 1146 3668 ad
1169 3622 1309 3687 praesens
1332 3601 1434 3665 creari

382 3714 515 3792 animas,
530 3722 564 3779 et
586 3714 680 3779 inseri
703 3714 881 3779 deformato
899 3714 969 3799 jam
990 3713 1124 3798 corpori.
1169 3713 1252 3776 Hmc
1268 3730 1345 3774 vero
1363 3730 1434 3773 een·

381 3824 509 3899 tientes,
524 3830 642 3908 prater
656 3824 716 3889 hoc
730 3825 816 3910 quod
833 3823 1019 3889 manifestas
1033 3822 1238 3909 probationes
1253 3844 1294 3887 ex
1314 3820 1434 3885 sanctis

384 3932 556 4018 Scripturis
569 3933 720 3998 adhibere
740 3955 803 3997 non
818 3941 961 4018 possunt,
978 3934 1108 4017 insuper
1122 3933 1220 3999 etiam
1242 3929 1431 4016 injustitiam

382 4042 612 4129 quodammodo
622 4042 805 4108 conditoris
815 4052 976 4123 accusant,
989 4045 1075 4130 quod
1090 4066 1154 4108 non
1168 4041 1333 4135 aeqnaliter
1349 4040 1430 4123 [om-

381 4175 438 4219 nes
462 4154 622 4237 utantur,]
650 4154 683 4218 id
708 4160 768 4231 est,
795 4175 904 4239 aequas
929 4155 1003 4220 vitae
1026 4154 1282 4220 conversationes
1306 4150 1432 4217 tribuat

577 4368 592 4397 ⁹
607 4366 649 4430 (ln
660 4367 767 4429 Apostoli
775 4368 909 4430 Epistolam
922 4369 952 4416 ad
966 4366 1060 4426 Titum,
1072 4366 1120 4414 vid
1131 4365 1223 4429 supra.)
