3242 5150
411 402 660 467 APOLOGIA
684 403 776 466 PRO
800 404 1028 468 ORIGENE.
1180 407 1245 473 349

197 574 273 659 quid
288 575 329 637 de
343 573 474 658 singulis
494 572 640 649 senserit,
654 594 695 636 ex
716 572 766 636 his
781 574 939 658 precipue
957 574 1047 638 libris
1063 575 1246 639 testimonia

196 683 467 769 congregabimus,
489 704 569 766 quos
590 691 791 748 wcusatores
816 684 883 769 ejus
907 706 1003 768 quam
1024 685 1163 749 maxime
1187 684 1246 748 ori·

197 794 369 870 minantur,
385 793 418 856 id
440 800 501 869 est,
517 815 597 877 quos
616 815 673 879 per
692 794 833 876 spatium
853 803 887 860 et
909 795 1047 880 quietem
1069 796 1102 859 in
1124 809 1247 860 secreto

198 904 395 988 conseripsit,
411 903 470 968 hos
489 903 573 967 enim
592 912 740 968 asserunt
754 905 892 969 maxime
907 927 927 968 a
941 905 1167 989 praedieatione
1182 906 1247 968 'Eo-

198 1014 376 1080 clesiastica
405 1014 603 1099 discrepare:
636 1036 676 1078 cx
701 1014 751 1078 his
780 1015 939 1099 praecipue
964 1015 1052 1079 libris
1077 1037 1156 1099 qnos
1181 1015 1249 1096 περὶ

199 1126 300 1206 ἀρχῶν
314 1124 500 1200 attitulavit,
513 1123 545 1186 in
561 1124 676 1208 quibus
686 1124 919 1209 quamplurima
933 1146 954 1188 a
968 1124 1249 1190 calumniatoribus

199 1234 394 1298 incusantur.
442 1235 483 1296 In
505 1234 556 1298 his
577 1254 653 1318 ergo
674 1233 751 1316 ipsis
772 1233 857 1297 inter
878 1234 1033 1318 principia
1048 1235 1132 1319 quali
1153 1255 1249 1321 expo-

200 1345 314 1408 sitione
340 1343 413 1406 iidei
436 1365 511 1406 usus
536 1343 579 1406 sit
604 1343 819 1425 proferemus:
847 1351 916 1408 tum
940 1343 1054 1407 deinde
1077 1351 1111 1409 et
1134 1366 1174 1409 ex
1199 1343 1249 1408 his

202 1477 273 1538 quie
290 1452 423 1538 sparsim
439 1453 487 1515 vel
503 1474 560 1537 per
574 1452 660 1536 ipsos
679 1451 789 1528 libros,
805 1452 853 1515 vel
875 1461 1008 1516 caeteros
1029 1453 1137 1530 sensit,
1153 1453 1251 1536 ussig-

202 1564 348 1626 nabimns
362 1584 435 1626 eum
449 1561 706 1646 pradicationem
722 1561 940 1645 Apostolicam
959 1563 1143 1627 custodissa.
1190 1562 1251 1626 Est

204 1696 279 1757 ergo
299 1672 392 1738 lectio
414 1695 453 1736 ex
476 1671 580 1757 primo
599 1672 680 1736 libro
701 1673 769 1752 περὶ
791 1673 902 1755 ἀρχῶν,
923 1694 1018 1757 quam
1040 1672 1250 1757 promisimus,

203 1783 280 1846 haec.

622 1977 779 2040 CAPUT
805 1979 833 2041 Ι.

403 2112 563 2197 Catadupos
577 2112 798 2176 Ecclesiasticoe
806 2110 1050 2195 predicationis.

247 2241 412 2304 Oaronras.
438 2239 584 2320 (Praefat.
608 2240 734 2303 Libror.
759 2241 827 2320 περὶ
849 2241 950 2322 ἀρχῶν
971 2261 1056 2303 num.
1073 2255 1101 2302 2.
1122 2237 1252 2322 etseq.)

206 2353 292 2414 Sicut
307 2352 515 2414 enim—-an
530 2351 662 2412 innotus.

250 2463 446 2522 Panaenus.
481 2460 543 2534 Qui
559 2461 599 2520 de
619 2465 697 2522 nato
712 2458 759 2520 vel
784 2458 895 2521 innato
915 2457 1058 2542 requirit,
1075 2457 1143 2520 sine
1157 2455 1253 2520 dubio

206 2578 361 2634 creaturae
386 2571 417 2631 in
442 2592 480 2632 eo
500 2568 618 2631 nnllam
638 2568 736 2632 habet
761 2567 948 2651 opinionem,
974 2566 1114 2651 alioquin
1139 2566 1254 2631 etheo

207 2680 393 2744 adduxisset
411 2679 452 2742 ad
473 2678 716 2762 inquisitionem.
762 2678 807 2742 Et
828 2678 986 2761 adjungit.
1039 2677 1094 2741 Vel
1106 2678 1255 2741 Filius-

206 2790 402 2852 coadcnctur.
448 2789 492 2851 Et
518 2796 592 2872 post
615 2809 715 2870 pauca
737 2787 793 2851 ait.
839 2789 897 2850 Est
921 2787 1254 2871 etiam--repererit

208 2901 292 2963 Haec
304 2899 430 2983 quidem
445 2901 529 2962 inter
543 2897 696 2983 principia
710 2898 805 2985 primi
820 2898 891 2969 libri
903 2900 969 2979 περὶ
985 2902 1085 2981 ἀρχῶν
1096 2898 1256 2974 disseruit,

209 3020 245 3073 nt
261 3008 444 3073 ostenderet
459 3030 528 3091 quae
549 3008 613 3071 sint
634 3008 687 3070 illa
703 3029 772 3092 qnae
794 3009 962 3071 manifeste
981 3007 1012 3070 in
1035 3006 1258 3071 Ecclesiastico

207 3118 433 3203 praedicatione
448 3118 570 3183 tradita
585 3130 668 3194 sunt,
685 3125 719 3182 et
734 3140 804 3202 quae
819 3118 882 3181 sint
894 3138 965 3202 quae
981 3138 1044 3181 non
1059 3124 1170 3201 aperte
1181 3116 1257 3180 deli·

209 3230 348 3292 niuntur.
394 3228 443 3291 De
469 3228 583 3312 quibus
613 3228 742 3313 singulis
772 3229 944 3293 secundnm
974 3250 1044 3291 eum
1074 3226 1257 3290 divisionem

209 3360 303 3422 quam
327 3360 423 3422 snpra
445 3338 593 3415 ostendit,
610 3339 743 3421 sparsim
766 3339 909 3423 disputat
931 3338 963 3400 in
985 3338 1106 3421 reliquo
1126 3357 1258 3420 corpore

207 3449 380 3523 librorum;
395 3470 434 3511 ea
449 3448 576 3532 quidem
591 3470 661 3532 quae
677 3470 717 3512 ex
732 3448 863 3513 delinito
878 3447 1043 3532 praedicari
1058 3446 1100 3509 ab
1116 3445 1259 3509 Ecclesia

208 3579 306 3641 supra
320 3556 438 3631 docuit,
454 3558 599 3620 omnibus
614 3557 766 3620 adhibitis
782 3556 1010 3640 probamentis,
1026 3577 1066 3618 ex
1085 3554 1258 3639 Scripturis

210 3667 331 3729 sanctis
357 3665 554 3728 manifestius
579 3673 613 3729 et
638 3666 837 3728 constantius
862 3684 1024 3739 asserens3
1050 3663 1089 3725 de
1112 3662 1258 3726 hisvero

210 3775 251 3837 de
277 3774 391 3858 quibus
416 3774 557 3837 ostendit
583 3796 646 3836 non
673 3774 852 3850 manifeste,
878 3794 980 3856 neque
1005 3794 1045 3837 ex
1071 3771 1203 3835 definito
1226 3772 1259 3833 in

212 3883 356 3946 Ecclesia
379 3883 556 3967 praedicuri,
571 3883 770 3967 opinionibus
789 3882 901 3967 magis,
918 3882 1022 3946 et'his
1042 3880 1186 3945 sensibus
1206 3879 1259 3965 qui

211 3994 387 4078 disputanti
408 3994 436 4058 ei
458 4003 491 4059 et
513 3994 666 4059 tractanti
690 3995 729 4058 de
751 3994 869 4059 talibus
889 4014 1054 4058 occurrere
1076 3995 1259 4078 potuerunt,

212 4126 307 4188 quam
329 4104 425 4167 certis
447 4104 603 4187 aliquibus
625 4126 663 4167 ac
685 4103 824 4169 definitis
846 4103 1074 4169 assertionibus
1094 4102 1207 4176 utitur,
1226 4098 1260 4163 id

212 4223 271 4287 est,
288 4214 460 4277 discutiens
480 4222 514 4277 et
536 4222 736 4297 pertractans
758 4215 865 4299 potius
887 4235 982 4299 qnam
1004 4212 1174 4277 affinnans.
1220 4208 1261 4271 In

213 4323 358 4386 omnibus
384 4331 491 4386 tamen
515 4323 667 4387 sermonis
693 4324 742 4387 sni
769 4323 923 4401 meminit,
951 4324 1019 4407 ejus
1045 4341 1138 4403 quem
1164 4336 1262 4403 supra
