3242 5150
369 376 435 443 416
667 376 916 455 RELIQUIAE
941 375 1120 441 SACRAE.

370 586 446 631 νιον
456 547 614 652 ι’πιερβᾶς
627 549 832 652 περίβολον,
846 545 940 649 ἢδιιί
952 581 1057 627 τινων
1070 546 1241 652 κρυφίων,
1253 542 1296 628 ἃς
1307 543 1417 644 μόνος

370 684 472 784 alden,
501 684 659 792 ἐξελθὼν
684 692 822 782 πυλῶν,
848 685 909 769 οὓς
936 685 1008 786 (for.
1033 683 1115 768 τοὺς
1137 689 1280 788 szerus.)
1301 687 1340 764 ἐν
1365 686 1418 788 τῷ

368 825 458 928 κενῷ
487 823 622 899 κατεῖδε
641 817 766 910 Θεοῦς,
786 822 845 899 καὶ
869 819 936 921 τὴν
962 817 1108 920 πολλὴν
1135 821 1252 898 αὐτῶν
1279 815 1414 918 ἐμακά-

367 989 449 1059 ρισε
484 951 650 1060 τρυφήν,
691 956 852 1060 κᾴκεῖθεν
882 952 1098 1054 ἐπιθυμηπὶς
1133 951 1320 1056 γενόμενος
1352 955 1417 1050 τῆς

367 1090 506 1188 ἡδονῆς,
529 1090 589 1166 καὶ
614 1090 678 1186 τῆς
704 1088 742 1166 ἐν
768 1094 821 1194 τῷ
848 1093 937 1194 κενῷ
961 1084 1121 1188 ζηλωτὴς
1148 1087 1293 1186 διαίτης,
1321 1086 1441 1164 ciros

368 1221 506 1306 πάντας
531 1223 589 1301 ἐπὶ
616 1219 683 1319 τὴν
708 1230 773 1301 τοῦ
799 1229 1030 1326 μακαρισμοῦ
1056 1218 1184 1301 τούτου
1209 1220 1415 1320 μετουσίαν,

368 1355 739 1465 ἐξομοιωθιγσομένους
770 1358 911 1441 ἐκείνοις
946 1363 1020 1440 τοῖς
1056 1362 1162 1452 θεοῖς,
1201 1360 1412 1457 παρακαλεῖ·

368 1489 578 1590 συμπόσιον
595 1490 713 1574 αὐτοῖς
731 1488 918 1592 μακάριον,
936 1490 1002 1593 οὐχ
1019 1487 1109 1591 ὅπερ
1126 1493 1159 1567 ol
1175 1490 1328 1588 ποιηταὶ,
1350 1484 1415 1566 τὸν

368 1622 559 1728 οὐρανὸνῆ
577 1624 641 1704 τὸν
651 1623 863 1724 Ὄλυμπον,
881 1624 982 1705 ἀλλὰ
999 1623 1042 1704 τὸ
1059 1622 1161 1705 κενὸν
1183 1627 1411 1725 συγκροτῶν,

368 1759 407 1840 ἐκ
424 1793 464 1839 τε
481 1765 553 1839 τῶν
571 1755 714 1858 ἀτόμων
735 1756 800 1859 τὴν
825 1760 1033 1862 ἀμβροσίαν
1054 1759 1173 1842 αὐτοῖς
1197 1759 1463 1859 παρεντιθεὶς,Ῑο

367 1896 426 1973 καὶ
452 1893 637 1995 προπίνων
663 1894 781 1976 αὐτοῖς
804 1894 849 1999 ἐξ
869 1892 1010 1972 ἐκείνων
1036 1889 1078 1971 τὸ
1103 1891 1255 1993 νίκταρ;
1286 1893 1344 1969 καὶ
1369 1888 1414 1988 δὴ

368 2029 427 2105 καὶ
444 2033 522 2105 κατ’
540 2026 680 2104 ἐκείνων
697 2032 770 2105 τῶν
787 2025 898 2125 μηδὲν
914 2026 1006 2129 πρὸς
1031 2028 1132 2125 ἡμᾶς,
1152 2023 1276 2127 ὅρκους
1297 2057 1338 2103 τε
1354 2024 1415 2101 καὶ

368 2157 561 2262 ὁρκισμοὺς
596 2158 742 2260 μυρίους
772 2167 847 2244 τοῖς
882 2163 1007 2241 ἐαυτοῦ
1038 2160 1197 2257 βιβλίοις
1228 2154 1414 2262 ἐγγράφει,

367 2291 477 2393 ὀμυιίς
504 2327 543 2373 τε
560 2299 721 2398 συνεχῶς
744 2293 796 2393 μὰ
820 2296 893 2375 Δία
920 2299 978 2375 καὶ
1007 2293 1049 2395 νὴ
1077 2295 1161 2390 Δία,
1190 2292 1347 2400 ἐξαρκῶν
1374 2323 1414 2368 τε

367 2423 449 2509 τοὺς
475 2424 756 2532 ἐπιτυγχάνοντας
783 2432 842 2508 καὶ
868 2428 960 2532 πρὸς
991 2429 1051 2513 οὓς
1082 2427 1294 2527 διαλέγοιτο,
1323 2423 1413 2527 πρὸς
1426 2459 1459 2518 ¹5

366 2567 439 2642 τῶν
468 2567 582 2662 θεῶν,
609 2565 656 2645 οὔ
678 2564 717 2645 τί
744 2596 817 2646 που
844 2563 965 2651 δεδιὸς
991 2562 1097 2649 αὐτὸς
1123 2561 1145 2664 ἢ
1173 2560 1414 2659 δεδιττόμενος

368 2698 518 2784 ἐκείνους
550 2697 615 2799 τὴν
652 2702 845 2804 ἐπιορκίαν,
880 2699 980 2781 κενὸν
1012 2699 1050 2779 δέ
1082 2706 1198 2796 τοῦτο,
1229 2699 1287 2777 καὶ
1322 2701 1413 2802 ψευ-

364 2822 434 2933 lle,
470 2835 529 2913 καὶ
570 2833 693 2938 ἀργὸν,
727 2839 786 2916 καὶ
822 2835 966 2938 οἴοημον
1001 2829 1304 2941 ἐπιφθεγγόμενος
1339 2838 1413 2914 τοῖς

367 3042 445 3102 nltrs
464 3044 606 3102 mundum
626 3046 705 3105 hunc
725 3048 863 3127 prospici·
914 3065 1038 3105 vacuum
1057 3043 1184 3110 instruit.
1199 3042 1361 3101 confectum
1374 3058 1412 3098 ex

366 3142 428 3190 ens,
449 3143 483 3181 sc
502 3122 644 3182 celestem
665 3125 749 3184 illum
773 3127 866 3185 smbi.
914 3126 1019 3185 stomin
1051 3143 1198 3203 opponens
1229 3119 1411 3187 ambrosiam,
1423 3140 1461 3180 οο

366 3215 430 3262 tum
444 3213 737 3280 praetergressus.nut
750 3225 803 3283 per
816 3226 865 3265 oo-
914 3205 1101 3282 indidemque
1138 3204 1275 3262 haustum
1313 3211 1412 3257 nectar

366 3280 477 3341 cultum
493 3280 638 3359 quoddam
656 3284 810 3361 posticum,
825 3285 864 3343 si.
913 3285 1079 3364 propincus.
1113 3287 1256 3342 Caetcrum
1271 3280 1307 3338 iis
1317 3278 1354 3337 dc
1365 3298 1411 3337 re-

366 3362 454 3438 bique
486 3360 542 3420 soli
583 3371 687 3421 notum
721 3383 863 3441 οςτοςοαε,
914 3365 979 3433 bus,
994 3384 1059 3441 quse
1074 3362 1146 3421 nihil
1163 3362 1200 3421 ad
1217 3381 1270 3419 nos
1283 3359 1411 3439 pertine·

365 3442 447 3501 Deos
467 3441 499 3499 in
516 3459 608 3500 vscuo
624 3441 763 3521 degentes
779 3444 863 3512 vidit,
914 3455 975 3512 sut,
989 3444 1071 3503 mille
1080 3444 1246 3520 juramenta
1261 3458 1412 3516 sscrssque

365 3543 399 3582 sc
422 3541 564 3581 snmmsm
590 3541 691 3582 eorum
721 3524 809 3583 tentis
833 3524 864 3583 in
914 3524 1123 3584 obtestationes
1134 3522 1195 3581 snis
1208 3520 1313 3601 passim
1330 3519 1411 3577 libri
1423 3534 1459 3598 ²5

365 3602 477 3662 deliciis
500 3602 670 3662 felicitatem
694 3603 863 3673 admiratus,
914 3604 1080 3671 inferciens,
1135 3602 1276 3660 rJnvem
1297 3598 1411 3658 assidue

365 3681 546 3758 voluptutem
576 3682 645 3742 iude
675 3684 863 3763 concupiscit,
915 3684 962 3742 vel
976 3693 1064 3762 neget
1084 3624 1194 3761 ulilluid
1211 3680 1258 3739 vel
1278 3680 1410 3748 affirmat,

364 3772 454 3838 etque
467 3760 547 3820 illsm
560 3782 625 3839 quae
639 3763 863 3823 invscuoduci-
913 3762 1094 3840 lectoresque
1117 3782 1197 3829 suos,
1221 3770 1252 3819 et
1276 3779 1326 3818 eos
1346 3757 1411 3834 qui·

364 3850 415 3899 tur
447 3839 537 3898 vitum
573 3842 734 3910 emulatus,
762 3863 864 3904 omues
913 3843 1034 3902 buscum
1048 3844 1111 3921 ipse
1126 3842 1266 3920 disputet,
1280 3839 1411 3897 Deorum

364 3918 506 3978 continuo
524 3931 661 3998 tunquam
679 3922 810 3981 Deorum
827 3923 863 3981 il.
912 3923 1068 4002 obstringit
1087 3922 1235 4001 religione,
1255 3938 1313 3978 non
1333 3914 1410 3994 quod
1420 3933 1460 3990 30

363 3998 458 4057 lorum
477 3998 586 4058 similes
604 4001 730 4070 futuros,
745 4002 809 4078 ejus
825 4003 863 4063 nd
912 4001 978 4061 illos
998 4004 1061 4081 ipse
1080 4012 1224 4066 verentur,
1240 4009 1291 4057 sut
1312 3996 1411 4076 perju-

363 4077 514 4139 felicitstis
524 4081 755 4140 communionem
768 4102 801 4140 ac
815 4102 861 4141 so-
911 4081 988 4140 rium
998 4083 1059 4141 ullo
1070 4081 1157 4140 modo
1165 4077 1348 4147 reformidet;
1359 4074 1410 4134 sed

363 4158 497 4219 cietntem
518 4158 633 4219 invitat.
675 4160 791 4232 Quibus
811 4161 862 4223 ille
911 4160 1025 4221 inanem
1040 4162 1216 4237 hancntque
1232 4156 1410 4221 mendacem,

363 4237 555 4305 ooensculum,
581 4258 640 4298 uon
668 4240 729 4316 jsm
757 4242 860 4300 coslum
911 4260 1116 4319 venumqucsc
1129 4238 1203 4298 nihil
1218 4237 1336 4297 omuino
1350 4235 1409 4313 sig·

363 4327 416 4376 nut
436 4316 606 4397 Olympum.
626 4330 661 4379 ut
680 4332 785 4401 poete,
808 4321 862 4381 sed
911 4320 1076 4381 nilicsntsm
1096 4318 1327 4396 disputationum
1343 4320 1458 4382 sua-35
