3242 5150
367 397 417 460 IN
443 397 658 460 CONCILII
686 397 890 462 NEOCAES.
914 401 1144 465 CANONES.
1211 404 1276 472 189

226 566 362 652 piurima
383 573 495 630 extent
517 567 661 651 exempla
683 588 746 629 non
762 581 890 632 tantum
910 569 1043 633 aliorum
1064 574 1274 652 sacerdotum,

227 691 335 734 verum
350 668 447 732 etiam
464 671 693 753 episcoporum,
710 691 780 732 oum
796 672 930 755 conjuge
944 681 1042 757 atque
1055 673 1162 738 liberie
1177 676 1276 740 vitam

227 772 419 858 degentium,
443 770 544 834 nullos
566 780 673 834 tamen
696 774 947 850 commemorari,
964 775 1012 837 vel
1033 775 1208 860 episcopos,
1228 777 1276 841 vel

225 875 439 960 presbyteros,
457 883 514 936 aut
536 873 671 957 denique
694 873 857 949 diaconos,
872 874 934 936 nisi
954 875 1077 938 diaconi
1099 879 1138 941 de
1159 879 1219 942 huo
1241 900 1276 943 τα

226 977 315 1062 prius
329 977 496 1050 cavissent,
512 977 563 1060 qui
580 975 629 1038 hie
644 975 840 1060 temporibus
854 985 927 1060 post
942 978 1174 1042 ordinationem
1185 1003 1277 1046 suam

226 1099 342 1142 uxores
356 1078 416 1141 eibi
432 1076 662 1159 conjunxerint.
709 1077 828 1140 Faesus
843 1086 903 1154 ost,
920 1088 957 1143 ut
974 1079 1048 1143 alibi
1069 1082 1192 1166 aoripsi,
1208 1084 1277 1168 ipse

227 1202 354 1266 quoquo
370 1179 570 1264 Paphnutius
581 1180 666 1263 apud
679 1180 844 1243 concilium
857 1179 1033 1256 Nieaenum‚
1047 1183 1099 1247 τὸν
1114 1185 1276 1264 φθάσαντα

227 1281 337 1362 κλήρου
361 1285 463 1361 τυχεῖν
487 1278 589 1358 μηκέτι
612 1281 659 1342 ἐπὶ
681 1279 734 1342 τὸν
759 1281 858 1362 γάμου
881 1283 1025 1364 ἔρχεσθαι
1049 1286 1123 1348 eard
1148 1286 1202 1362 τὴν
1225 1291 1277 1365 τῆς

227 1385 386 1462 ἐκκλησίας
416 1384 545 1463 ἀρχαίαν
572 1381 747 1461 παράδοσιν.
796 1384 899 1447 Verba
929 1391 1004 1448 sunt
1026 1386 1166 1449 Socratis
1189 1388 1273 1451 Ηίετ.

226 1483 309 1547 Εοοί.
327 1502 353 1544 ι.
364 1502 392 1544 α.
438 1481 554 1544 Confer
568 1483 730 1544 Sozomen.
741 1483 783 1545 H.
794 1484 836 1546 Ε.
850 1483 895 1547 Π.
913 1489 943 1546 6.
990 1486 1063 1548 Vid.
1072 1497 1105 1550 et
1119 1488 1150 1549 S.
1161 1486 1275 1550 Jacobi

227 1584 402 1648 Nisibeneie
414 1586 585 1648 Sermonem
599 1583 716 1646 XVII.
735 1587 764 1665 §.
776 1606 805 1668 9.
823 1608 854 1668 p.
865 1588 939 1670 383.
956 1587 1008 1669 qui
1025 1589 1126 1652 eidem
1142 1588 1275 1652 coneilio

229 1686 381 1750 interfuit.

636 1881 787 1947 OANON
813 1882 860 1945 11.

271 1991 309 2055 Ρ.
326 1992 432 2055 181.l.
449 2013 496 2070 14.
517 1993 605 2076 μέχρι
626 1994 767 2076 θανάτου]
791 1994 943 2077 Sequitur
957 1994 1043 2059 istud
1063 1996 1095 2058 in
1112 1996 1275 2084 Beveregii

227 2094 387 2177 Εγπαάίαα,
402 2093 442 2174 μὴ
457 2097 616 2175 πειθομένη
631 2102 723 2159 λῦσαι
737 2095 789 2158 τὸν
808 2097 916 2175 γόμον,
932 2098 1017 2180 quod
1035 2120 1107 2161 eum
1127 2099 1274 2184 ignorent

227 2218 336 2260 omnes
360 2196 503 2286 aditiones
533 2198 651 2260 Groeaa
676 2207 764 2282 atqaa
785 2198 919 2275 Latina,
943 2199 976 2261 in
998 2221 1061 2263 uno
1086 2201 1184 2264 codiee
1202 2218 1273 2287 205.

227 2298 401 2363 Bodleiano
416 2300 589 2377 inventum,
605 2301 659 2364 sed
676 2301 909 2385 refragantibus
922 2312 1028 2386 reptem
1043 2303 1113 2366 aliis
1128 2325 1273 2367 ααυοτιυιυ

226 2403 444 2487 aaamplaridua
451 2404 583 2487 scriptia,
595 2425 634 2466 ne
645 2403 748 2467 dicam
756 2404 1273 2485 JoamamnaaooaaamMstaa

227 2507 311 2570 idem
332 2506 403 2569 ideo
425 2527 464 2568 ex
480 2505 586 2591 glossa
601 2513 727 2568 tantum
748 2506 874 2569 videtur
888 2505 1075 2589 proiectum,
1091 2509 1146 2570 sed
1164 2515 1275 2573 tamen

227 2630 378 2673 canonem
388 2631 460 2673 vere
470 2631 640 2693 exponens.
672 2610 789 2672 Itidem
805 2609 898 2672 abest
914 2630 984 2671 oum
996 2630 1016 2671 a
1027 2608 1155 2692 nayda
1165 2612 1274 2687 MSa,

227 2720 295 2776 tum
310 2732 331 2774 a
345 2711 477 2774 Podalia
499 2712 668 2796 Vaaataque
684 2712 824 2795 danapri.
871 2711 959 2774 Idem
979 2734 1053 2775 vero
1074 2712 1175 2796 ipsum
1194 2714 1273 2778 exti-

226 2814 304 2877 tisse
325 2813 457 2877 dixerim
480 2813 577 2877 etiam
599 2813 632 2876 in
654 2811 803 2876 codicibus
822 2812 957 2876 Zonarae
976 2835 1014 2876 aa
1035 2813 1202 2892 Blaetarie,
1219 2817 1273 2900 qui

217 2914 259 2977 in
277 2915 506 2978 Conmentariis
524 2915 587 2979 auis
601 2915 698 2978 verba
717 2914 850 2978 addant.
882 2914 964 2977 Mox
981 2918 1021 2999 τῷ
1035 2915 1206 3000 praefigunt
1221 2923 1272 2981 θα·

227 3015 305 3100 adro
328 3015 398 3079 libri
414 3038 484 3079 oum
506 3017 614 3100 scripti
628 3024 695 3080 tum
719 3016 794 3079 aditi
809 3037 918 3079 omnes
938 3025 1056 3099 praeter
1072 3017 1274 3082 Coaaiiioram

227 3117 392 3195 editiones,
407 3140 486 3203 quae
500 3118 551 3181 hio
566 3117 788 3203 relinquendae
803 3117 889 3182 duxi.

271 3223 309 3286 P.
323 3221 394 3285 182.
410 3220 431 3283 l·.
443 3241 473 3305 3.
489 3220 672 3304 ήμετθνοια]
684 3219 819 3284 Zonarae
834 3221 1089 3285 θαυινιατιθατίυςε
1112 3220 1188 3286 ’uua
1198 3224 1276 3304 γυνη

228 3325 302 3386 κατὰ
315 3320 411 3403 γάμον
428 3324 479 3385 δύο
500 3324 645 3402 ἀδελφοῖς
664 3321 834 3401 συνοικήση,
852 3319 1019 3399 ἐξωθείσθω
1041 3327 1092 3401 τῆς
1114 3324 1274 3402 ἐκκλησίας

225 3426 314 3508 μέχρι
330 3423 458 3489 θανάτου
472 3424 512 3503 μή
526 3423 687 3503 πειθομένη
701 3428 792 3487 λῦσαι
806 3425 859 3487 τὸν
873 3425 979 3505 γάμον·
1004 3428 1030 3488 εί
1050 3427 1082 3488 δέ
1102 3425 1274 3504 θνήσκουσα

227 3525 460 3608 ἐπαγγέλληται,
477 3527 523 3588 ὅτι
536 3526 687 3607 ὑγιάνασα
700 3527 788 3589 λύσει
798 3525 852 3588 τὸν
862 3525 969 3606 γάμον,
982 3528 1114 3604 τεύξεται
1125 3531 1175 3604 τῆς
1186 3530 1274 3608 ἀγίας

225 3628 423 3710 μεταλήψεως
444 3629 522 3700 τότε,
544 3629 592 3691 καὶ
613 3630 852 3709 ἀναῤῥωσθεῖσα,
867 3628 926 3705 ἔξει
947 3627 1116 3707 μετάνοιαν,
1137 3631 1204 3692 ἀντὶ
1220 3636 1274 3692 τοῦ

226 3730 404 3813 δεχθήσεται
424 3733 465 3795 είς
485 3729 655 3807 μετάνοιαν,
672 3732 725 3793 ἐὰν
746 3732 779 3792 δὲ
798 3730 832 3791 τὸ
853 3730 960 3791 ἐντῶν
979 3732 1147 3810 προσώπων
1161 3734 1274 3795 τούτων

226 3836 261 3896 ἐν
280 3836 320 3917 aqi
341 3834 467 3915 ἀθεμίτῳ
487 3829 571 3915 γάμῳ
595 3832 768 3911 τελευτήσῃ,
785 3831 932 3913 δυσχερὴς
950 3831 1124 3910 ἡμετάναια
1139 3837 1178 3917 τῷ
1193 3858 1274 3914 περι-

226 3933 390 4015 λειφθέυτι.
412 3936 429 3995 ὀ
441 3936 499 4013 γὰρ
509 3939 661 4012 μετανοῶν
672 3932 877 4013 ἀφιστάμενος
888 3937 938 4009 τῆς
949 3935 1092 4013 ἁμαρτίας
1104 3936 1275 3998 πιστεύεται

225 4040 391 4115 μετανοεῖν.
417 4038 444 4098 εί
459 4035 482 4097 δ’
499 4036 543 4097 ἐτι
562 4035 596 4098 τὸ
617 4035 709 4098 κακὸν
722 4034 853 4115 πράττει,
871 4040 933 4100 πῶς
951 4033 1168 4114 λογισθήσεται
1185 4060 1273 4113 μετα-

224 4136 382 4218 μέλεσθαι,
398 4134 416 4214 ἢ
431 4143 492 4203 πῶς
506 4135 684 4219 θεηθήσεται
699 4139 739 4201 εἰς
753 4136 932 4215 μετάνοιανς
959 4138 976 4197 ὁ
991 4137 1024 4198 δὲ
1037 4135 1126 4217 μέχρι
1144 4135 1275 4199 θονάτου

226 4240 278 4315 τῆς
295 4240 434 4317 γυναικὸς
453 4238 493 4317 μὴ
515 4241 649 4303 ἀποστὰς
672 4242 721 4315 τῆς
743 4238 982 4318 ἀθεμιτογαμίας,
1006 4238 1163 4311 δείκνυσιν,
1179 4237 1225 4297 du
1246 4238 1273 4297 εί

227 4339 276 4401 καὶ
296 4338 340 4401 ἐτι
359 4343 471 4419 περιῆν,
487 4341 538 4402 οὐκ
559 4339 597 4402 ἀν
616 4339 731 4416 ἀπέστη
752 4342 801 4415 τῆς
824 4339 976 4417 ἁμαρτίας,
993 4339 1031 4402 ὡς
1054 4341 1127 4417 γοῦν
1148 4339 1223 4411 ὅσον
1237 4336 1272 4396 τὸ
