3242 5150
381 381 447 445 als
568 380 841 446 CONCILIUM
865 384 1189 450 ARELATENSE
1214 385 1241 449 1.

465 553 500 610 In
516 552 615 611 Indice
631 551 799 612 Collationis
820 555 959 634 Carthag.
971 557 1013 614 iii.
1028 577 1091 636 cap.
1105 557 1173 632 516.
1188 557 1306 636 legitur,

422 649 570 709 Recitatio
591 649 703 708 Judicii
724 652 921 721 Constantini,
936 673 995 730 quo
1014 654 1094 732 apud
1114 675 1145 714 se
1165 674 1283 732 quoque
1300 655 1429 714 Caeeilia-

381 768 451 806 num
466 747 558 806 faisse
576 757 733 826 purgatum
752 758 820 826 post
833 749 1007 809 Arelatense
1028 749 1191 810 Concilium
1206 750 1350 828 significat
1368 751 1428 809 Irn-

482 864 506 900 r.

381 855 522 999 pellibilita
537 939 616 999 istnc
629 942 661 998 in
678 941 780 1019 Optati
793 942 961 1020 Appendiee
974 963 1040 1022 pag.
1054 944 1122 1018 187.
1138 942 1184 1002 ed.
1201 943 1313 1022 Dupin.

764 1163 1041 1210 4-

418 1343 464 1402 Ad
478 1343 584 1403 calcem
610 1347 756 1404 Gestorum
780 1345 946 1405 collationis
967 1346 1106 1427 Carting.
1128 1368 1205 1406 anno
1227 1349 1336 1410 Christi
1352 1373 1425 1428 4¹1·

379 1441 517 1507 habitae,
507 1461 539 1498 ιιι
555 1442 701 1500 Sententia
723 1441 890 1502 Marcellini
909 1443 1076 1532 cognitoris
1095 1445 1131 1504 de
1151 1445 1226 1535 Imp.
1243 1449 1427 1508 Constantini

380 1537 534 1596 Sententia
552 1537 607 1596 hoc
628 1539 769 1617 scriptum
791 1549 883 1598 extat.
889 1539 1136 1618 ——Ultimsque
1156 1525 1309 1602 Sententia
1324 1545 1426 1603 triarn-

379 1635 504 1713 phabilis
522 1635 669 1693 memoriae
682 1637 879 1700 Constantini.
894 1655 952 1715 qna
971 1637 1136 1697 evidentius
1155 1637 1275 1698 (locetur
1292 1661 1428 1720 expressa

378 1742 410 1789 et
423 1731 601 1790 Caeciliani
592 1733 758 1792 rnnocentia
779 1745 809 1792 et
824 1734 931 1793 Donati
955 1735 1154 1812 sociorumque
1168 1735 1232 1812 ejus
1251 1736 1428 1798 calumniosa

378 1827 551 1886 criminatio.
595 1834 686 1890 Posita
698 1833 835 1889 Sententia
846 1853 908 1906 pag.
921 1849 982 1906 325.
1002 1835 1114 1890 eorund.
1135 1833 1295 1891 Monument.
1317 1838 1372 1892 Vet.
1392 1837 1426 1893 ad

381 1924 473 1994 optati
484 1924 574 1979 finem.
616 1975 619 1981 .

766 2074 1044 2114 ..4-...

376 2243 516 2328 apiano
529 2264 631 2307 ronan
645 2243 691 2307 ad
702 2241 863 2307 Caeciliani
880 2262 1003 2306 naaman
1018 2241 1248 2327 paenitenitiam,
1264 2264 1331 2328 qao
1346 2253 1427 2310 aaut

418 2346 453 2410 in
479 2349 512 2410 S.
527 2345 698 2432 Aapantini
719 2345 923 2409 sermonibus
938 2365 1014 2407 xxv.
1038 2365 1074 2407 aa
1095 2343 1287 2408 Membraaia
1310 2345 1424 2410 Biblio-

418 2449 508 2513 tissa
536 2448 767 2514 Vindabanensa
787 2469 809 2513 a
824 2447 977 2512 Mielaab
998 2447 1096 2511 Danis
1119 2445 1154 2510 V.
1173 2447 1217 2511 Oi.
1235 2469 1315 2512 anno
1337 2468 1425 2533 ¹792·

426 2551 636 2617 Vindobona
621 2553 771 2637 safonna
786 2571 868 2616 mae.
882 2548 980 2614 edita.

418 2679 559 2743 Uaasan
577 2702 632 2745 eos
654 2678 824 2744 manifesta
845 2677 989 2741 veritate
1036 2678 1101 2740 Vos
1122 2676 1324 2762 imperatoris
1341 2678 1425 2764 judi·

373 2782 456 2847 cium
470 2782 650 2869 flagitastis.
696 2776 888 2855 Mentimini,
904 2778 1019 2862 inquit.
1059 2774 1184 2843 Extant
1198 2779 1330 2845 Chartae
1345 2782 1424 2867 pub-

372 2885 450 2949 licae.
497 2885 565 2970 Ipsi
586 2883 768 2948 Donatistae
788 2882 829 2945 de
850 2889 943 2966 parte
967 2881 1128 2965 Majorini,
1156 2882 1208 2966 qui
1232 2884 1320 2967 prior
1341 2884 1424 2949 ordi-

372 2996 468 3052 natus
488 2996 548 3063 est,
568 2994 681 3051 contra
700 2983 903 3049 Oaeeilianum
924 2982 1082 3059 adierunt,
1105 2984 1324 3067 proconsulem
1348 2995 1424 3051 tune

372 3094 571 3171 Annllinum‚
595 3108 628 3159 et
649 3093 832 3158 detulerunt
854 3091 975 3156 libellos
996 3092 1211 3156 accusatorios
1235 3092 1275 3156 de
1298 3094 1423 3157 nomine

371 3198 542 3274 (laeciliani,
558 3205 594 3262 et
608 3198 640 3261 in
660 3194 751 3261 aluta
769 3194 924 3279 signatos,
940 3194 1093 3271 dicentes,
1108 3216 1142 3259 se
1160 3195 1311 3260 adversus
1325 3195 1421 3262 oesi-

369 3300 489 3365 lianum
498 3300 630 3364 crimina
641 3298 775 3380 (aidane
784 3296 935 3371 amissam,
945 3296 1073 3372 habere,
1083 3298 1192 3363 Dnnrs.
1206 3300 1254 3365 ael
1264 3301 1421 3378 exhibere,

369 3404 418 3467 ost
431 3404 546 3488 potina
562 3425 597 3469 se
613 3402 739 3467 adferre
752 3400 919 3482 adversus)
936 3420 1006 3485 quae
1022 3400 1075 3465 illo
1090 3402 1195 3467 libello
1211 3404 1419 3491 scripsissent,

368 3512 402 3569 et
431 3514 592 3591 rogantes,
619 3518 657 3569 nt
684 3504 788 3588 ipsam
813 3502 1047 3567 attentionem
1077 3526 1185 3569 eorum
1212 3507 1357 3572 mitteret
1379 3508 1421 3572 ad

368 3607 557 3673 comitatum
585 3604 785 3692 Imperatori.
832 3604 935 3671 Extat
961 3605 1088 3672 Relatio
1115 3607 1259 3672 Annllini
1286 3632 1419 3694 procon-

367 3708 443 3773 sulis
464 3708 632 3774 scribentis
653 3709 696 3771 ad
718 3706 943 3790 imperatorem
967 3708 1234 3782 Constantinum
1256 3710 1341 3792 qnod
1364 3710 1421 3775 ho-

367 3810 466 3875 mines
480 3810 521 3874 de
544 3820 637 3895 parte
653 3809 807 3894 Majorini
822 3810 966 3874 venerint
985 3811 1026 3874 ad
1048 3810 1135 3874 illum
1154 3832 1225 3873 curn
1246 3809 1360 3874 libellis
1379 3812 1420 3876 de

364 3911 568 3976 accusatione
583 3910 752 3987 (loeciliani,
768 3917 928 3997 rogantes,
943 3918 980 3975 nt
996 3910 1123 3974 eosdem
1138 3909 1259 3974 libellos
1274 3911 1419 3977 mitteret

367 4012 570 4097 Imperatori,
583 4020 663 4077 etse
676 4011 755 4076 dicit
769 4011 888 4091 leones,
899 4012 984 4097 quod
995 4011 1038 4074 illi
1049 4022 1252 4097 rogaverunt.
1283 4012 1419 4098 Scripsit

366 4114 546 4199 imperator
556 4114 598 4178 ad
613 4114 799 4178 Meltiadem
811 4114 993 4199 episcopum
1005 4120 1040 4178 et
1053 4114 1213 4189 Marcum,
1224 4116 1419 4179 transferens

362 4215 403 4279 ad
420 4215 489 4279 illos
504 4236 632 4281 causam
648 4215 905 4293 eeclesiasticam,
917 4223 952 4279 et
962 4236 1127 4281 removens
1137 4238 1159 4280 a
1169 4238 1212 4279 se.
1248 4218 1288 4280 ln
1299 4217 1418 4281 eisdem

362 4316 462 4381 literis
492 4317 602 4382 scribit
633 4319 835 4402 Imperator;
873 4317 996 4381 misisse
1021 4340 1055 4383 se
1083 4319 1214 4383 chartas
1237 4317 1350 4382 misens
1375 4319 1417 4381 ab
