3242 5150
315 337 365 400 m
392 338 423 400 s
447 337 592 400 parm
617 311 1106 400 susurrantium.
1195 341 1237 405 75

185 508 325 592 alibique
332 510 458 572 Auctor
467 507 561 570 modo
571 514 765 571 memoratus
777 508 1026 571 Constitutioaam
1037 511 1138 594 Apost.
1147 508 1200 572 lib.
1208 532 1237 572 v.

185 633 254 696 cap.
269 632 318 692 14.
331 619 363 674 et
374 609 428 674 lib.
441 609 489 672 vii.
504 632 573 694 cap.
589 630 605 672 2
608 630 627 694 3
639 636 649 680 ;
674 631 713 672 ne
727 609 806 673 alios
822 610 925 673 dicam
937 611 1148 694 posteriorum
1158 622 1238 676 tem-

186 734 301 798 poram
327 719 529 776 tractatores.
575 711 689 774 Omnia
714 733 787 774 vero
810 713 851 774 de
874 712 961 776 cultu
982 720 1080 796 atque
1102 713 1239 798 untiqui-

186 824 257 880 tate
273 815 386 878 harum
402 814 560 890 feriarum,
578 813 773 878 Tertulliano
788 823 821 878 et
842 813 997 879 Clementi
1019 816 1238 879 Alexandrino

185 919 269 982 bene
285 927 445 992 notarum,
460 925 493 980 eb
514 917 545 978 in
566 921 640 979 πᾶσι
659 917 781 994 κλίμασι
796 921 847 994 τῆς
867 916 1047 996 οἰκουμένης,
1063 925 1147 981 teste
1163 917 1239 1002 Epi·

186 1020 307 1105 phanio
332 1020 365 1084 in
392 1021 509 1083 Hoeres.
534 1018 618 1080 lxxv.
644 1040 674 1082 n.
688 1020 717 1080 6.
744 1039 774 1101 p.
792 1038 865 1098 910.
892 1018 1134 1094 celebratarum,
1160 1019 1237 1083 mihi

186 1123 422 1208 praeoccupavit
437 1120 598 1205 ‚Iosephus
620 1119 785 1203 Bingham.
804 1121 911 1206 Antip.
928 1121 1039 1185 Eccles.
1058 1122 1168 1185 Christ.
1184 1121 1237 1190 lib.

188 1223 253 1286 xxi.
270 1242 381 1306 cap.3.

232 1326 331 1408 P.45.
348 1324 369 1386 l.
387 1327 434 1386 18.
456 1321 522 1410 ἕνῇ
539 1325 605 1387 οὐδὲ
621 1325 733 1405 γόνατα
748 1325 863 1388 κλίνειν
884 1324 1123 1409 παρειλήφαμεν]
1143 1325 1238 1388 Anti-

188 1426 332 1511 quissimi
355 1426 449 1510 hujus
468 1425 559 1502 ritus,
575 1427 630 1490 secl
653 1425 686 1488 iu
708 1425 847 1489 eeclesiis
863 1426 1053 1490 Latinorum
1075 1449 1157 1490 nuno
1172 1426 1239 1490 uni-

187 1531 304 1594 versim
327 1529 485 1615 abrogati,
509 1537 530 1566 ‘⁸
543 1529 704 1593 meminit”
728 1529 839 1611 (rerba
862 1528 974 1592 Dallaei
998 1534 1073 1591 sunt
1092 1530 1142 1591 De
1165 1528 1239 1591 Vero

195 1634 261 1696 Usa
281 1635 416 1696 Patrem
435 1631 487 1694 lib.
501 1631 532 1694 ii.
555 1631 711 1715 capuit.)
737 1631 998 1695 “vetustissimus
1021 1631 1241 1710 Quaestionnm

189 1743 209 1770 “
224 1743 259 1800 et
291 1734 541 1819 Responsionnm
571 1734 657 1818 apud
687 1733 851 1798 Justinum
880 1733 1033 1818 Scriptor,
1064 1733 1114 1813 (Q.
1139 1739 1173 1796 et
1199 1733 1237 1795 R.

189 1849 211 1878 “
228 1840 350 1920 Quaest.
370 1841 454 1921 115.)
478 1847 512 1902 et
534 1837 690 1901 rationem
713 1837 819 1900 reddit
841 1837 1019 1921 probatque
1040 1830 1081 1897 en
1101 1835 1240 1918 quodum

189 1951 210 1980 “
228 1939 343 2005 irenaei
359 1939 437 2014 loco,
455 1947 489 2003 et
503 1963 523 2003 e
544 1941 740 2024 temporibus
760 1938 944 2023 apostolicis
962 1938 1088 2002 initium
1109 1939 1177 2022 ejus
1193 1958 1240 2002 re-

150 2035 154 2042 ’
188 2052 208 2080 “
226 2043 320 2128 petit.
366 2041 579 2106 Tertullianus
601 2063 725 2126 quoque
748 2041 892 2105 meminit
914 2041 977 2124 (De
997 2040 1125 2103 Corona
1148 2038 1238 2104 milit.

190 2153 209 2180 “
226 2167 298 2228 cap.
315 2144 361 2229 3.)
383 2151 416 2207 et
441 2143 638 2228 Epiphanius
663 2144 709 2228 (in
736 2144 875 2208 Panario
896 2143 929 2206 in
951 2143 1086 2207 conclus.
1116 2143 1240 2227 Operis,

190 2256 209 2284 “
225 2269 257 2330 p.
277 2267 285 2308 ι
300 2264 366 2331 105.
379 2249 438 2321 Α.)
458 2255 492 2310 et
516 2246 728 2330 Hieronymus
749 2246 850 2326 (Diui.
866 2253 966 2309 contr.
987 2245 1088 2309 Lucil.
1104 2267 1135 2329 p.
1152 2246 1239 2326 187.)

190 2358 209 2386 “
227 2360 263 2414 et
284 2370 403 2412 morem
423 2349 507 2412 inter
529 2347 681 2411 Ecclesiae
704 2348 852 2412 instituta
868 2355 1021 2412 recenset.
1060 2347 1136 2432 Ipsa
1150 2347 1240 2432 quin-

190 2461 211 2490 “
227 2451 336 2527 etiam,
360 2452 445 2537 quod
467 2451 559 2536 longe
582 2450 684 2534 majus
707 2458 767 2526 est,
788 2449 985 2514 sanctissima
1005 2449 1151 2533 Synodus
1174 2450 1239 2511 uni-

190 2561 211 2589 ⁴‘
226 2551 358 2617 vercelis
384 2551 518 2616 Nicaena
543 2552 662 2617 diserto
687 2576 806 2621 canone
831 2553 923 2635 (Can.
941 2555 1006 2628 20.)
1032 2552 1129 2617 ritum
1152 2551 1241 2619 illum

188 2664 209 2693 ‘⁴
227 2654 458 2719 confirmavit.”
504 2654 583 2719 Haee
607 2655 747 2719 Dallaeus
771 2677 843 2740 pag.
857 2672 933 2739 337.
956 2655 1075 2739 lutorp.
1104 2654 1240 2731 Latinae,

189 2757 245 2841 qui
266 2778 417 2821 canonem
439 2779 564 2843 quoque
586 2759 825 2843 nonagesimum
852 2757 985 2822 Concilii
1008 2757 1186 2838 Quinisexti
1208 2757 1243 2821 in

187 2858 250 2923 hae
272 2868 364 2943 parte
385 2859 530 2924 adduxit.
569 2860 717 2944 Adjioere
740 2882 823 2923 nuno
843 2859 934 2924 nobis
955 2860 1029 2923 lieet
1052 2860 1239 2925 Tertulliani

190 2962 263 3025 Lib.
279 2963 328 3025 De
345 2962 487 3027 Oratiom
502 2984 543 3026 ex
563 2963 633 3027 cod.
656 2963 754 3028 MSto
768 2986 789 3026 a
811 2963 994 3028 Muratorio
1013 2972 1153 3039 unctum,
1171 2988 1240 3050 cap.

190 3082 242 3150 23.
289 3063 442 3129 Censores
466 3073 499 3130 et
520 3064 731 3150 Binghamum
753 3066 862 3151 antiq.
879 3066 962 3131 Ecel.
980 3066 1091 3131 Olarist.
1106 3067 1162 3130 lib.
1175 3067 1242 3131 xiii.

187 3190 215 3231 c.
228 3168 259 3231 8.
299 3168 525 3244 Veruntamen,
542 3190 582 3231 cx
596 3190 635 3232 eo
656 3170 740 3256 quod
763 3170 897 3233 omissus
917 3170 960 3233 sit
975 3191 1077 3234 canon
1092 3170 1245 3235 Nicaenus

185 3269 251 3334 hue
275 3270 491 3355 pertinencia
513 3272 621 3335 codiee
643 3294 701 3336 suo
729 3272 826 3335 MSto
849 3271 1014 3337 Canonum
1044 3270 1242 3350 Latinorum,

187 3394 292 3457 noque
314 3371 345 3435 in
369 3372 504 3437 Arabica
519 3374 718 3459 Paraplrcsi
739 3374 911 3439 eorundem
933 3375 1099 3439 (lenonum
1116 3395 1242 3459 compa-

186 3483 272 3551 reat,
287 3474 325 3539 cl.
349 3475 534 3557 Qnesaelius
556 3476 686 3562 colligit,
702 3498 823 3541 morem
838 3478 934 3542 istum
954 3477 1039 3561 apud
1064 3476 1242 3540 Romnum

186 3576 303 3641 saltem
318 3577 480 3643 ecclesiam
504 3601 665 3665 nunqnam
685 3581 812 3644 omnino
832 3588 996 3663 receptum
1017 3578 1123 3644 luisse.
1162 3579 1242 3643 Vide

186 3678 317 3745 Dircen.
331 3680 384 3745 xii.
408 3691 482 3767 post
502 3683 612 3746 Leonis
627 3683 674 3745 M.
696 3682 798 3769 Opera
818 3705 839 3745 a
854 3679 1021 3766 Quosnelio
1042 3680 1240 3756 collocatam,

185 3804 256 3866 cap.
271 3805 300 3845 v.
342 3784 367 3846 V
369 3804 457 3847 erum
473 3784 572 3848 habet
586 3784 669 3847 hunc
685 3805 839 3847 canonem
855 3782 1019 3846 Nioaeaum
1031 3783 1243 3865 Paraphrasis

187 3884 331 3950 Arabica
357 3907 378 3949 a
406 3886 578 3971 Beveregio
602 3887 698 3950 edita.
746 3886 813 3949 Adi
837 3894 870 3949 et
898 3884 1081 3949 Constantii
1108 3885 1241 3951 Praesat.

185 3987 221 4050 iu
246 3990 328 4073 It'pp.
357 3989 445 4053 Rom.
472 3990 593 4075 Poetis
621 3990 816 4071 §§.1.xxxu.
841 3996 874 4051 ct
899 4008 1033 4049 axxnu.
1088 3986 1132 4050 Et
1157 3996 1243 4052 certe

187 4088 322 4155 Latinus
342 4090 480 4175 scriptor
496 4091 647 4155 Rabanus
670 4094 808 4156 Maurus
829 4087 1085 4173 archiepiscopus
1105 4088 1242 4175 Mogun-

185 4192 281 4271 tinus,
298 4193 353 4279 qui
368 4193 484 4257 saeoulo
500 4216 584 4258 nono
599 4194 715 4272 floruit,
731 4195 763 4257 in
781 4192 974 4257 Institutione
989 4212 1047 4254 sua
1060 4190 1243 4254 chicmae

185 4296 276 4360 nobis
292 4294 449 4381 praecipit,
466 4318 536 4361 cum
553 4297 603 4360 dio
623 4296 799 4373 Dominico‚
816 4304 884 4361 tum
902 4296 1108 4357 Pentecostes
1120 4292 1240 4367 diebus,

687 4419 704 4458 a
722 4414 739 4456 2
