3242 5150
253 419 305 486 IN
331 420 550 485 CANONES
574 417 819 484 ANCYRAN.
842 420 908 483 ΕΤ
932 420 1139 484 NEOCAES.
1177 421 1243 483 283

188 597 304 656 debeat.
345 594 424 652 Huic
438 593 591 652 sententie
605 591 800 670 adstipulatur
814 592 950 671 Ignatius
968 592 1092 672 epistola
1107 593 1143 651 ad
1157 593 1242 651 Trid-

189 692 300 752 lianos:
339 694 379 748 sal
404 696 473 764 τρεῖς
499 694 614 756 δεκάδας,
636 691 742 768 inquit,
764 693 830 747 irrisu
850 694 1072 761 πολιτευσάμενος
1094 691 1242 762 ἐβαπτίσθη

186 791 241 846 ὑπὸ
252 791 381 846 Ἰωάννου.
425 787 506 845 Idem
521 785 612 846 tradit
624 787 849 866 Chryaostomus
859 796 890 846 et
899 787 1080 865 Euthymius
1090 788 1121 844 in
1132 788 1242 846 Matth.

188 905 253 962 cap.
266 885 306 942 iii.
350 886 460 942 Auctor
482 884 623 942 sermonis
644 882 681 941 dc
699 882 814 958 jejunio
836 883 887 960 qui
910 883 1058 962 cypriano
1081 884 1240 942 tribuitur:

190 982 273 1040 Anno
288 983 426 1054 trigesimo
445 983 536 1037 curnis
555 987 698 1056 assumpte
719 981 855 1054 baptisato
873 980 1005 1038 Domino.
1044 981 1242 1059 Hieronymus

189 1078 220 1135 in
245 1077 342 1156 Epist.
357 1076 394 1135 ad
415 1075 613 1156 Theophilum
635 1075 779 1134 Alexand.
796 1075 935 1155 Episcop.
955 1077 1094 1137 adversus
1115 1097 1242 1136 errorem

188 1173 238 1232 Jo.
255 1171 453 1252 Hierosolym.
470 1172 506 1231 de
520 1182 607 1232 oetate
620 1173 762 1249 cujusque
775 1174 938 1252 presbyteri
951 1173 1094 1250 loquens:
1120 1175 1189 1232 Cum
1203 1178 1242 1233 ad

191 1287 240 1344 30.
255 1289 391 1330 annorum
404 1271 498 1346 spatia
512 1271 576 1345 jum
595 1268 762 1344 peruenerit,
776 1276 845 1344 puto
859 1288 921 1328 eam
941 1273 971 1326 in
991 1271 1042 1329 hoc
1055 1290 1109 1328 non
1123 1290 1183 1329 erse
1196 1291 1244 1328 re·

185 1367 416 1442 prehendendam,
431 1385 491 1442 qua
503 1368 594 1446 juata
616 1367 775 1440 mysterium
794 1368 928 1441 assumpti
949 1368 1065 1424 hominia
1086 1371 1116 1424 in
1132 1368 1244 1426 Christo

185 1463 313 1540 persenia
328 1472 388 1521 eat:
411 1474 442 1522 et
458 1461 625 1521 Bernurdus
638 1482 725 1521 serm.
736 1480 766 1536 4.
782 1461 819 1521 de
833 1462 945 1542 Epiph.
976 1463 1046 1523 Jam
1060 1467 1177 1539 triginta
1190 1485 1241 1522 an·

189 1577 286 1616 narum
309 1559 349 1617 ad
370 1561 531 1635 baptismum
556 1563 612 1634 ipse
632 1559 765 1634 perrexit.
820 1558 975 1639 Discrepat
1000 1561 1128 1619 lreuoeus
1148 1561 1241 1621 libii·

189 1675 252 1735 cap.
265 1675 313 1733 39.
358 1659 404 1714 Ad
426 1657 598 1731 baptismum,
617 1655 724 1732 inquit,
743 1659 819 1713 uenit
837 1657 886 1736 qui
905 1660 1026 1715 noudum
1050 1661 1166 1732 triginta
1188 1681 1242 1718 an.

190 1770 239 1810 naa
252 1754 434 1827 suppleuerat,
448 1756 496 1809 ted
510 1756 557 1828 qui
577 1753 722 1826 incipiebat
734 1771 790 1809 esse
811 1761 941 1828 tanquam
954 1757 1069 1829 triginta
1083 1774 1241 1812 annorum.-

190 1861 221 1910 et
235 1849 418 1928 Epiphanius
432 1849 535 1908 haeresi
551 1865 600 1925 51.
621 1849 653 1919 ἤν
672 1852 724 1925 γὰρ
744 1856 781 1926 τῷ
800 1853 849 1922 μὲν
868 1851 925 1908 ὄντι
942 1854 1098 1909 «boamundo
1112 1854 1186 1918 ἐτῶν,
1201 1855 1242 1909 nul

188 1955 275 2020 μηνῶν
288 1949 358 2014 δίκα,
373 1948 417 2005 ὅτε
431 1949 473 2006 s’nl
486 1951 517 2005 τὸ
529 1950 668 2018 βάπτισμα
681 1948 734 2018 iss,
749 1950 887 2021 τριάκοντα
899 1952 948 2020 μὲν
963 1952 1038 2014 ἐτῶν,
1051 1951 1113 2006 ἀλλ’
1126 1952 1159 2006 ori
1172 1951 1241 2021 ship-

188 2066 245 2119 pm.
289 2043 371 2103 Adde
386 2064 451 2120 quoe
465 2044 503 2102 de
517 2063 551 2102 ea
564 2063 596 2102 re
615 2043 830 2103 illustrissimus
844 2045 974 2124 Scaliger
987 2047 1058 2105 olim
1077 2047 1242 2106 observavit

189 2141 290 2200 libri.
306 2141 343 2200 de
358 2140 515 2200 Emendat.
529 2141 635 2219 Temp.
671 2143 759 2200 Certe
774 2153 845 2202 aetas
858 2143 980 2221 triginta
988 2164 1131 2203 annorum
1142 2144 1242 2203 aalide

189 2259 223 2297 ac
244 2238 381 2317 perfectu,
402 2237 566 2316 prudentia
587 2248 641 2304 est,
657 2249 687 2297 et
708 2240 817 2316 majore
831 2250 891 2298 tam
905 2241 996 2298 animi
1010 2261 1096 2318 quam
1113 2243 1243 2321 corporis

189 2335 292 2394 robore
306 2333 445 2414 praedita:
469 2354 590 2411 eamque
604 2335 746 2394 rationem
761 2335 858 2394 reddit
873 2337 1054 2417 Euthymios
1066 2338 1131 2397 loco
1141 2339 1241 2405 citato,

189 2449 278 2509 quare
292 2440 358 2509 post
372 2430 553 2508 trigesimum
565 2452 634 2491 ann.
649 2433 783 2490 Christus
793 2432 830 2491 ad
845 2434 1020 2512 baptismum
1030 2437 1154 2496 venerit.
1191 2435 1242 2494 Sic

189 2548 255 2588 cau.
269 2545 317 2603 17.
338 2525 463 2587 Consilii
483 2527 671 2607 Apotheosis,
686 2530 809 2608 perfecti
827 2530 881 2588 viri
900 2541 969 2590 aetas
986 2530 1109 2592 dicitur:
1128 2543 1162 2591 et
1177 2552 1241 2611 per-

190 2624 268 2683 fectu
283 2634 352 2682 oetaa
371 2623 402 2680 in
419 2622 534 2702 legibus
549 2625 782 2703 Wisigotharum
801 2625 852 2684 lib.
863 2646 891 2684 x.
909 2627 958 2687 tit.
974 2645 1001 2684 2.
1016 2639 1086 2686 etas
1101 2628 1242 2706 legitima.

192 2720 357 2797 Theophila
369 2718 423 2779 lib.
432 2720 451 2777 i.
467 2721 565 2780 Instit.
579 2721 640 2779 Tit.
656 2721 692 2779 de
704 2722 813 2781 Libert.
823 2728 849 2795 i.
860 2742 890 2796 4.
904 2726 1018 2794 ἔννομον,
1030 2724 1136 2801 inquit,
1146 2725 1242 2795 ἧλικίσ,

191 2800 311 2894 κσῖὖτὲρ
324 2825 378 2876 τῶν
388 2818 425 2876 λ’.
442 2820 571 2877 ἐνιαυτῶν.
616 2820 753 2894 Legitima
774 2830 841 2879 atas
862 2830 912 2887 est,
928 2840 988 2899 puoe
1010 2824 1177 2897 trigesimm
1191 2844 1242 2882 nn-

190 2934 255 2974 num
270 2916 373 2974 eremit
382 2942 392 2985 ,-
413 2916 482 2992 quia
498 2916 609 2977 scilicet
629 2936 692 2975 eam
707 2928 822 2976 atatem
838 2919 869 2976 in
886 2920 1064 2979 manumisso
1082 2918 1151 2978 olim
1166 2921 1243 2980 desi.

190 3012 305 3073 deraret
327 3013 374 3073 lex
397 3011 477 3071 AElia
497 3014 610 3082 Sentis,
625 3034 686 3092 quc
706 3025 826 3073 cautum
847 3017 939 3075 refert
959 3016 1105 3093 Ulpianus
1122 3019 1153 3076 in
1167 3019 1242 3097 frag.

191 3110 239 3169 tit.
255 3128 280 3167 r.
295 3110 328 3167 'ut
341 3106 473 3168 minoium
488 3129 558 3168 xxx.
573 3131 709 3169 annorum
728 3130 836 3170 imnum
856 3117 1052 3171 manumittere
1065 3133 1118 3171 non
1137 3114 1238 3175 donet.

190 3206 209 3264 J
213 3205 373 3263 USTELL.
415 3206 493 3283 Lege
507 3206 639 3265 Mosaios
656 3209 857 3287 praescriptum
877 3210 946 3277 fuit,
962 3222 997 3269 ut
1014 3210 1126 3269 Levita
1144 3233 1244 3271 recen.

190 3313 324 3362 serentur
337 3316 403 3363 nra
423 3313 549 3363 maan
567 3316 598 3379 p
625 3316 676 3367 rut
704 3296 802 3368 nitor
827 3320 895 3368 nrm
919 3301 1040 3368 ovato
1063 3320 1120 3384 tra
1141 3312 1169 3367 A
1179 3311 1244 3386 fitia

190 3402 308 3475 triginta
319 3408 464 3465 annorum,
480 3406 507 3456 et
521 3418 615 3475 aspra,
632 3419 716 3475 usque
726 3404 864 3477 adfiiium
877 3406 1080 3480 quinquaginta
1098 3425 1241 3474 annorum,

191 3496 285 3555 Num.
295 3496 335 3554 iv.
349 3513 379 3571 3.
422 3495 471 3555 Sic
485 3496 574 3555 etiam
588 3497 719 3557 intexta
736 3498 1061 3560 Hebraeo-Samaritano
1079 3502 1197 3580 legitur,
1213 3511 1243 3561 et

192 3592 293 3652 eodem
308 3612 395 3651 sensu
409 3612 426 3651 a
440 3592 587 3663 Chaldaeo,
603 3596 687 3673 Syro.
702 3604 732 3653 et
743 3594 843 3655 Arabe
856 3596 938 3657 locus
951 3599 1009 3657 iste
1019 3600 1153 3657 vertitur.
1179 3597 1242 3657 Sed

190 3689 378 3767 septuaginta
393 3690 568 3767 interpretes
579 3690 666 3766 juxta
681 3691 847 3750 Romanum
859 3693 977 3770 quidem
991 3694 1138 3775 exemplar
1153 3695 1244 3755 inter-

190 3787 300 3863 pretati
321 3797 399 3853 sunt,
415 3788 466 3845 dub
487 3787 570 3847 εἴκοσι
592 3792 633 3847 sal
646 3794 722 3846 πέντε
736 3793 809 3857 aar.
828 3791 915 3868 juxta
929 3792 1168 3872 complutensem
1182 3794 1243 3852 edi·

192 3883 312 3955 tionem,
329 3886 382 3941 dud
395 3886 553 3944 τὶνοσιττσῦτ
572 3888 614 3943 mi
631 3890 708 3945 πέντε
726 3890 799 3947 ἐτῶν.
842 3888 900 3948 Sed
910 3889 998 3966 juxta
1010 3889 1137 3949 codicem
1152 3890 1243 3950 Alex·

191 3978 348 4039 anduinum
368 3982 421 4037 dub
445 3984 617 4052 εἰκοσαετνῦν,
639 3985 680 4039 sal
700 3985 805 4041 τ’τάνωε
828 3983 901 4043 adeo
922 3995 956 4044 ut
977 3984 1119 4045 nonnulla
1138 4006 1175 4047 ex
1198 3988 1245 4048 his

192 4074 407 4153 exemplaribus
421 4088 558 4156 corrupta
572 4078 641 4146 sint,
656 4098 773 4138 necesse
787 4091 853 4151 est;
868 4080 915 4140 vel
928 4082 1028 4160 potius
1041 4083 1157 4145 omnia:
1178 4104 1245 4143 cum

192 4188 246 4229 nec
261 4189 352 4229 unum
370 4172 522 4231 Hebraicis
538 4174 654 4233 veritati
668 4176 852 4253 respondeat.
887 4178 948 4237 Sed
960 4178 1073 4237 facilior
1086 4190 1131 4238 est
1145 4199 1244 4238 emen.

192 4264 272 4324 datio
286 4266 393 4326 codicis
407 4266 612 4337 Alexandrini,
628 4291 714 4348 quum
729 4272 862 4342 aliorum,
872 4275 922 4333 ubi
934 4275 1242 4354 slswncmisscriptori

191 4359 313 4421 forsitan
326 4362 451 4435 *incuria
475 4366 611 4425 scribitur
639 4388 693 4446 pro
717 4377 935 4441 τριακονταετοῦς.
986 4372 1027 4429 Et
1054 4372 1095 4429 sic
1123 4370 1240 4448 quidem

235 4477 304 4519 von.
323 4480 366 4522 iv.
688 4463 747 4525 ah
