3242 5150
221 426 397 489 ΑΝΝΟΤ.
423 427 473 490 ΙΝ
498 428 685 492 CONCIL.
710 428 905 492 CONTRA
930 429 1147 494 NOETUM.
1174 433 1238 494 246

232 596 270 659 Ρ.
284 616 357 681 243.
382 597 400 659 Ι.
418 601 446 660 6.
472 601 513 661 Τί
534 602 591 678 γὰρ
613 599 702 662 κακὸν
720 599 792 685 δια]
820 601 908 662 Ante
934 600 1002 664 haec
1029 599 1239 684 Epiphanius,

183 698 308 779 Ἕτερος
337 698 430 762 πάλιν
460 704 535 778 μετὰ
558 707 664 763 τοῦτον
694 701 942 782 (Bardesanum)
974 704 1092 781 Νοητὸς
1117 705 1241 784 ὀνόματι

189 801 311 878 άνέστη,
329 802 364 864 οὗ
378 802 435 880 πρὸ
451 804 524 864 ἐτῶν
540 803 699 877 πλειόνων,
716 800 784 865 ἀλλ’
801 804 841 868 ὣς
855 804 912 883 πρὸ
925 808 1038 885 χρόνον
1051 810 1110 867 τῶν
1130 807 1242 868 τούτων

191 903 297 966 ἑκατδν
318 903 485 983 τριάκοντα,
502 905 595 966 πλείω
610 901 629 979 ἢ
650 902 782 980 ἐλάσσω,
800 901 953 976 Ἀσιανδς,
969 906 1021 981 τῆς
1039 902 1175 984 Ἐφέσου
1188 907 1242 967 πό-

190 1013 267 1070 λεως
280 1004 429 1086 ὑπάρχων.
458 1003 491 1071 δς
506 1005 655 1087 ἀλλοτρίῳ
670 1006 814 1082 πνεύματι
833 1007 1007 1085 φερόμενος,
1023 1005 1174 1083 ἠθέλησεν
1188 1004 1241 1086 ἀφ’

193 1107 333 1170 ἓαντοῢδ
353 1107 425 1186 μήτε
446 1111 605 1186 προφῆται,
621 1105 694 1183 μήτε
714 1107 889 1179 ἀπόστολοι,
905 1106 978 1185 μήτε
996 1105 1032 1184 ἐξ
1044 1109 1178 1189 ὑπαρχῆς
1194 1133 1243 1171 κα-

192 1209 302 1290 τέσχεν
326 1210 344 1285 ἡ
369 1209 522 1286 ἐκκλησία,
547 1207 621 1286 μήτε
647 1206 800 1284 ἐνενοήθη,
825 1207 928 1288 λέγειν
952 1234 986 1272 τε
1013 1211 1061 1272 καὶ
1082 1209 1242 1272 διδάσκειν.

194 1311 269 1372 Part
291 1309 370 1372 dunc
391 1309 474 1372 obice
496 1308 624 1393 quidam
648 1308 806 1372 hereticae
830 1310 946 1372 Noctua
963 1310 1081 1373 nominc
1096 1311 1241 1395 ρτοοίὶίι,ο

192 1432 285 1494 acque
298 1411 402 1474 multis
423 1410 462 1474 αδ
483 1410 554 1474 tice
567 1411 679 1485 σηπίη
703 1409 758 1473 sed
770 1421 842 1473 ante
855 1411 905 1473 dos
918 1412 989 1493 sore
1006 1421 1122 1474 centum
1135 1433 1174 1474 ae
1187 1413 1244 1475 tri-

191 1515 289 1595 pinta,
314 1513 349 1575 in
374 1513 455 1575 Asia
479 1511 635 1586 oriundus,
660 1509 732 1573 crde
754 1511 883 1595 Epheso.
930 1513 991 1590 Qui
1012 1513 1110 1576 αίίοαο
1129 1513 1244 1597 spiritu

194 1616 316 1696 afflatus
338 1636 375 1677 σα
389 1614 489 1677 dicore
510 1635 548 1676 ac
562 1613 665 1676 doecre
685 1634 777 1676 ausus
790 1623 841 1685 cst,
858 1635 926 1697 quc
941 1635 996 1676 noc
1007 1613 1178 1698 propheto,
1192 1635 1245 1676 nec

195 1715 328 1798 apostoli,
349 1736 403 1778 nac
416 1714 538 1777 ccclesia
557 1712 596 1776 αδ
615 1714 706 1777 initio
721 1715 825 1790 tenuit,
841 1736 878 1777 ac
897 1737 934 1778 ne
952 1717 1095 1800 copitccr’t
1111 1715 1242 1799 quium.

196 1815 308 1878 Dahis
324 1823 432 1879 numm
450 1815 679 1899 Epiphanianis
694 1816 742 1880 ita
757 1816 925 1880 Fabricius
941 1817 974 1880 in
989 1816 1084 1880 Notis
1102 1817 1144 1880 ad
1160 1817 1245 1901 Hp

189 1915 352 2000 polytmn:
391 1915 627 2000 “Epiphanius
655 1918 702 1981 ait
730 1917 870 1981 Nectum
900 1917 1077 2002 prodidisse
1110 1917 1246 1980 haeresin

198 2023 217 2051 “
233 2038 324 2079 suam
338 2024 414 2080 ante
429 2038 529 2081 annos
540 2018 667 2081 circiter
680 2041 775 2081 cxxx.
808 2019 942 2101 Scripsit
951 2018 1151 2102 Epiphanius
1161 2039 1247 2080 anno

199 2116 348 2180 “Christi
364 2140 506 2182 ccccxxv.
546 2119 608 2183 His
623 2119 649 2182 si
665 2133 793 2184 centum
805 2142 844 2184 ac
859 2119 993 2204 triginta
1003 2119 1124 2196 demas,
1138 2127 1248 2183 manet

200 2226 219 2256 “
234 2240 337 2282 annus
351 2241 455 2282 ccxcv.
501 2220 582 2283 Mox
597 2221 680 2284 idem
695 2229 837 2285 testatur
852 2221 881 2283 N
883 2230 992 2284 ectum
1008 2221 1137 2303 ἔναγχος
1149 2221 1249 2305 μανία

200 2327 219 2356 “
228 2329 308 2404 post,
326 2342 389 2384 una
411 2342 483 2384 eum
505 2320 605 2385 fratre
627 2334 786 2385 mortuum
801 2323 899 2386 esse.''
945 2321 1068 2385 Scitin
1090 2321 1160 2398 illis,
1177 2344 1248 2405 quae

199 2441 274 2483 mox
286 2421 503 2506 descripturus
514 2444 593 2485 sum.
633 2426 676 2486 At
691 2445 766 2486 vero
780 2445 821 2486 ex
835 2444 912 2487 voce
923 2424 1052 2505 ἔναγχος
1066 2424 1086 2486 i.
1098 2445 1124 2486 e.
1139 2445 1247 2508 nuper,

200 2521 260 2586 hoc
275 2521 412 2607 quidem,
428 2523 462 2586 ni
481 2522 582 2600 fallor,
598 2531 685 2588 recte
704 2524 843 2609 colligas,
861 2523 1075 2608 Epiphaniam
1090 2524 1187 2588 verba
1201 2547 1249 2589 se-

201 2624 331 2709 quentia
345 2646 385 2687 ex
400 2626 573 2689 vetustiore
584 2626 690 2710 aliquo
701 2634 832 2689 auctore
847 2626 964 2708 partim
976 2629 1050 2689 κατὰ
1063 2625 1147 2703 λέξιν
1161 2648 1250 2689 more

200 2748 259 2789 suo
274 2726 453 2811 sumpsisse.
499 2726 582 2790 Nam
598 2727 701 2810 pergit
717 2727 763 2789 ita
778 2727 915 2790 scribere
930 2728 1139 2813 Epiphanius,
1154 2730 1251 2794 Οὗτος

201 2825 253 2907 ἀφ’
266 2829 371 2890 ἑαυτοῦ
386 2827 535 2907 ἐπάρμασι
547 2827 606 2907 (ita
619 2828 769 2890 Petavius
784 2850 843 2911 pro
858 2827 902 2890 ἐπ’
915 2831 1036 2908 ἅρμασι,
1048 2831 1104 2893 sed
1115 2829 1250 2892 forsitan

202 2928 346 3009 ἐπάρματι
360 2928 482 3013 legend.
515 2930 626 2993 Habet
644 2929 840 3014 Hippolytus
854 2932 928 2992 ὅσον
944 2930 1061 3010 ἔπαρμα
1077 2930 1195 3010 καρδίας
1210 2930 1251 2993 de

202 3028 237 3091 Ν
238 3037 312 3093 octo
327 3029 482 3110 scribens)
498 3032 605 3109 μανίας
623 3033 769 3109 ἐπαρθεὶς,
787 3034 936 3111 ἐτόλμησε
950 3038 1055 3112 λέγειν
1071 3031 1125 3093 τὸν
1138 3031 1253 3111 πατέρα

202 3132 394 3195 πεπονθέναι.
417 3132 459 3194 ἔτι
474 3133 507 3193 δὲ
522 3132 636 3209 μείζονί
648 3156 706 3194 τινι
720 3134 802 3216 τύφῳ
820 3134 868 3194 καὶ
878 3134 1094 3213 παραφροσύνῃ
1107 3132 1251 3214 ἐνεχθεὶς,

204 3232 311 3295 ἑαυτὸν
333 3233 422 3313 ἔλεγε
446 3233 590 3306 Μωῦσέα,
608 3236 655 3297 καὶ
678 3234 732 3297 τὸν
754 3234 890 3315 ἀδελφὸν
913 3236 1002 3297 αὐτοῦ
1020 3234 1148 3313 Ἀαρών.
1171 3236 1253 3295 άλλδ

202 3333 312 3411 μεταξὺ
326 3335 438 3397 τούτων
453 3335 511 3397 ἀπὸ
528 3338 576 3412 τῆς
590 3336 658 3416 περὶ
672 3336 763 3399 αὐτὸν
778 3336 956 3417 ἐνηχήσεως,
972 3337 1001 3397 oi
1014 3334 1152 3414 μακάριοι
1162 3358 1254 3412 πρεσ-

204 3435 325 3513 βύτεροι
348 3438 399 3511 τῆς
421 3437 577 3513 ἐκκλησίας
598 3437 879 3517 προσκαλεσάμενοι
902 3437 1001 3511 αὐτὸν,
1027 3435 1165 3514 ἐξήταζον
1185 3434 1254 3514 περὶ

204 3537 316 3599 παίσων
338 3536 488 3610 ἁπάντων,
513 3538 561 3600 καὶ
584 3541 611 3601 εί
631 3540 740 3617 ταύτην
761 3540 816 3617 τὴν
837 3539 1040 3619 βλασφημίαν
1053 3538 1121 3615 περὶ
1142 3535 1255 3615 πατρὸς

204 3636 400 3717 προηγάγετο.
424 3640 489 3700 ddi
511 3641 548 3701 τὰ
569 3645 670 3717 πρῶτα
683 3642 739 3718 μὲν
758 3640 887 3719 ἠρνεῖτο,
904 3641 953 3702 ἐπὶ
968 3643 1019 3700 rori
1038 3638 1255 3716 πρεσβυτερίου

206 3739 362 3818 ἀγόμενος,
379 3742 427 3801 διὸ
441 3740 475 3801 τὸ
489 3740 602 3818 μηδένα
617 3740 673 3821 πρὸ
689 3741 779 3803 αὐτοῦ
794 3740 934 3818 ἐξεμέσαι
947 3739 1068 3814 ταυτηνὶ
1079 3736 1133 3814 τὴν
1143 3736 1254 3813 δεινὴν,

207 3839 256 3901 καὶ
269 3838 426 3917 ὀλετήριον
439 3842 568 3920 πικρίαν.
592 3844 766 3921 ὕστερονδὲ
784 3840 837 3922 ἀφ’
853 3842 888 3919 ἧς
903 3841 967 3923 εἶχε
986 3842 1104 3916 λύσσης
1119 3840 1161 3903 εἴς
1174 3862 1257 3902 τινας

207 3942 320 4007 ἄλλους
342 3938 495 4019 ἐμβαλὼν,
512 3943 550 4007 ὡς
575 3945 678 4019 εἰπεῖν,
696 3945 744 4006 καὶ
766 3944 823 4007 σὺν
838 3943 916 4026 αὐτῷ
931 3944 1032 4020 ὥσπερ
1055 3940 1126 4003 δέκα
1147 3940 1256 4018 ἄνδρας

208 4043 402 4122 ἐπαγόμενος,
418 4046 460 4110 εἰς
481 4046 577 4125 τάφον
598 4045 720 4123 μείζονα
743 4046 790 4108 καὶ
813 4044 924 4123 θράσος
945 4043 1094 4122 ἐπαρθεὶς,
1111 4039 1258 4118 τολμηρὸς

209 4144 350 4224 γεγονὼς,
366 4146 515 4228 παῤῥησίη
535 4146 643 4209 λοιπδν
663 4147 717 4224 τὴν
736 4150 853 4226 αἵρεσιν
871 4144 1050 4225 ἐδογμάτιζε.
1073 4140 1167 4205 πάλιν
1182 4138 1206 4202 δ’
1221 4140 1258 4201 αὖ

208 4246 238 4307 οἱ
253 4244 336 4307 αὐτοὶ
350 4248 549 4324 πρεσβύτεροι
563 4246 845 4327 προσκαλεσάμενοι
859 4247 949 4309 αὐτόν
963 4270 1006 4316 τε,
1023 4244 1071 4306 καὶ
1085 4241 1152 4305 τοὺς
1166 4262 1258 4317 προσ-

210 4344 380 4427 φθαρέντας
399 4348 477 4431 αὐτῷ
501 4346 681 4426 άνθριίπονς,
697 4346 764 4424 περὶ
778 4350 838 4407 τῶν
857 4345 954 4405 αὐτῶν
972 4340 1064 4405 πάλιν
1084 4339 1211 4417 ἠρώτων.
1241 4337 1258 4396 ὁ
