<?xml version="1.0" encoding="UTF-8"?>
<!DOCTYPE html PUBLIC "-//W3C//DTD XHTML 1.0 Transitional//EN"
    "http://www.w3.org/TR/xhtml1/DTD/xhtml1-transitional.dtd">
<html xmlns="http://www.w3.org/1999/xhtml" xml:lang="en" lang="en">
 <head>
  <title>
</title>
<meta http-equiv="Content-Type" content="text/html;charset=utf-8" />
  <meta name='ocr-system' content='tesseract 3.04.00' />
  <meta name='ocr-capabilities' content='ocr_page ocr_carea ocr_par ocr_line ocrx_word'/>
</head>
<body>
  <div class='ocr_page' id='page_1' title='image "./reliquiaesacrae12routgoog_0419.png"; bbox 0 0 3242 5150; ppageno 0'>
   <div class='ocr_carea' id='block_1_1' title="bbox 339 385 1246 464">
    <p class='ocr_par' dir='ltr' id='par_1_1' title="bbox 339 385 1246 464">
     <span class='ocr_line' id='line_1_1' title="bbox 339 385 1246 464; baseline 0.017 -16"><span class='ocrx_word' id='word_1_1' title='bbox 339 385 371 448; x_wconf 91' lang='lat' dir='ltr'><strong>S.</strong></span> <span class='ocrx_word' id='word_1_2' title='bbox 394 385 615 451; x_wconf 90' lang='lat' dir='ltr'>DIONYSII</span> <span class='ocrx_word' id='word_1_3' title='bbox 641 389 787 454; x_wconf 86' lang='lat' dir='ltr'><strong>ALEX.</strong></span> <span class='ocrx_word' id='word_1_4' title='bbox 809 391 874 452; x_wconf 88' lang='lat' dir='ltr'><strong>DE</strong></span> <span class='ocrx_word' id='word_1_5' title='bbox 897 391 1112 456; x_wconf 87' lang='lat' dir='ltr'><strong>NATURA.</strong></span> <span class='ocrx_word' id='word_1_6' title='bbox 1181 397 1246 464; x_wconf 78' lang='lat'><strong>409</strong></span> 
     </span>
    </p>
   </div>
   <div class='ocr_carea' id='block_1_2' title="bbox 198 553 1245 664">
    <p class='ocr_par' dir='ltr' id='par_1_2' title="bbox 198 553 1245 664">
     <span class='ocr_line' id='line_1_2' title="bbox 198 553 1245 664; baseline 0.011 -32"><span class='ocrx_word' id='word_1_7' title='bbox 198 553 384 659; x_wconf 74' lang='grc' dir='ltr'>ὄσφρησις</span> <span class='ocrx_word' id='word_1_8' title='bbox 401 557 561 660; x_wconf 74' lang='grc' dir='ltr'>καθάπερ</span> <span class='ocrx_word' id='word_1_9' title='bbox 579 559 816 662; x_wconf 80' lang='grc' dir='ltr'>ἀνιχνεύουσα</span> <span class='ocrx_word' id='word_1_10' title='bbox 834 565 893 640; x_wconf 85' lang='grc' dir='ltr'>καὶ</span> <span class='ocrx_word' id='word_1_11' title='bbox 911 564 1170 664; x_wconf 87' lang='grc' dir='ltr'>διερευνωμένη,</span> <span class='ocrx_word' id='word_1_12' title='bbox 1187 568 1245 644; x_wconf 86' lang='grc' dir='ltr'>καὶ</span> 
     </span>
    </p>
   </div>
   <div class='ocr_carea' id='block_1_3' title="bbox 198 689 1244 804">
    <p class='ocr_par' dir='ltr' id='par_1_3' title="bbox 198 689 1244 804">
     <span class='ocr_line' id='line_1_3' title="bbox 198 689 1244 804; baseline 0.011 -36"><span class='ocrx_word' id='word_1_13' title='bbox 198 689 316 795; x_wconf 78' lang='grc' dir='ltr'><strong>ἡὰφὴ</strong></span> <span class='ocrx_word' id='word_1_14' title='bbox 339 699 414 770; x_wconf 82' lang='grc' dir='ltr'>πᾶν</span> <span class='ocrx_word' id='word_1_15' title='bbox 436 691 676 773; x_wconf 79' lang='grc' dir='ltr'>διατάττουσα</span> <span class='ocrx_word' id='word_1_16' title='bbox 700 693 743 773; x_wconf 76' lang='grc' dir='ltr'>τὸ</span> <span class='ocrx_word' id='word_1_17' title='bbox 770 694 937 794; x_wconf 71' lang='grc' dir='ltr'>ὑπήκοον.</span> <span class='ocrx_word' id='word_1_18' title='bbox 974 697 1244 804; x_wconf 78' lang='grc' dir='ltr'>(κεφαλαιωδῶς</span> 
     </span>
    </p>
   </div>
   <div class='ocr_carea' id='block_1_4' title="bbox 146 823 1244 2811">
    <p class='ocr_par' dir='ltr' id='par_1_4' title="bbox 146 823 1244 2811">
     <span class='ocr_line' id='line_1_4' title="bbox 197 823 1244 935; baseline 0.01 -33"><span class='ocrx_word' id='word_1_19' title='bbox 197 823 269 928; x_wconf 81' lang='grc' dir='ltr'><strong>γὰρ</strong></span> <span class='ocrx_word' id='word_1_20' title='bbox 287 834 349 905; x_wconf 85' lang='grc' dir='ltr'><strong>νῦν</strong></span> <span class='ocrx_word' id='word_1_21' title='bbox 367 828 474 928; x_wconf 85' lang='grc' dir='ltr'>ὀλίγα</span> <span class='ocrx_word' id='word_1_22' title='bbox 489 834 561 907; x_wconf 87' lang='grc' dir='ltr'><strong>τῶν</strong></span> <span class='ocrx_word' id='word_1_23' title='bbox 578 833 642 927; x_wconf 80' lang='grc' dir='ltr'>τῆς</span> <span class='ocrx_word' id='word_1_24' title='bbox 654 828 850 935; x_wconf 84' lang='grc' dir='ltr'>πανσόφου</span> <span class='ocrx_word' id='word_1_25' title='bbox 863 834 1030 934; x_wconf 91' lang='grc' dir='ltr'>προνοίας</span> <span class='ocrx_word' id='word_1_26' title='bbox 1043 833 1158 935; x_wconf 79' lang='grc' dir='ltr'>ἔργων</span> <span class='ocrx_word' id='word_1_27' title='bbox 1170 837 1244 914; x_wconf 90' lang='grc' dir='ltr'>ε’πι-</span> 
     </span>
     <span class='ocr_line' id='line_1_5' title="bbox 197 959 1244 1068; baseline 0.011 -32"><span class='ocrx_word' id='word_1_28' title='bbox 197 959 435 1060; x_wconf 83' lang='grc' dir='ltr'>δραμούμεθα,</span> <span class='ocrx_word' id='word_1_29' title='bbox 453 964 528 1059; x_wconf 84' lang='grc' dir='ltr'>μετ’</span> <span class='ocrx_word' id='word_1_30' title='bbox 549 963 676 1065; x_wconf 85' lang='grc' dir='ltr'>ὀλίγον</span> <span class='ocrx_word' id='word_1_31' title='bbox 698 965 955 1068; x_wconf 79' lang='grc' dir='ltr'>ἀκριβέστερον</span> <span class='ocrx_word' id='word_1_32' title='bbox 978 975 1043 1046; x_wconf 81' lang='grc' dir='ltr'>τοῦ</span> <span class='ocrx_word' id='word_1_33' title='bbox 1068 972 1165 1047; x_wconf 83' lang='grc' dir='ltr'>Θεοῦ</span> <span class='ocrx_word' id='word_1_34' title='bbox 1192 971 1244 1047; x_wconf 87' lang='grc' dir='ltr'><strong>δι-</strong></span> 
     </span>
     <span class='ocr_line' id='line_1_6' title="bbox 168 1090 1244 1203; baseline 0.011 -32"><span class='ocrx_word' id='word_1_35' title='bbox 168 1090 319 1186; x_wconf 64' lang='grc' dir='ltr'>εδόντος</span> <span class='ocrx_word' id='word_1_36' title='bbox 355 1094 686 1201; x_wconf 79' lang='grc' dir='ltr'>έπεξεργσσιίμενοι,</span> <span class='ocrx_word' id='word_1_37' title='bbox 724 1096 811 1178; x_wconf 76' lang='grc' dir='ltr'>ὅταν</span> <span class='ocrx_word' id='word_1_38' title='bbox 847 1098 938 1203; x_wconf 77' lang='grc' dir='ltr'>πρὸς</span> <span class='ocrx_word' id='word_1_39' title='bbox 974 1098 1037 1181; x_wconf 79' lang='grc' dir='ltr'><strong>τὸν</strong></span> <span class='ocrx_word' id='word_1_40' title='bbox 1072 1107 1244 1183; x_wconf 79' lang='grc' dir='ltr'>δοκοῦντα</span> 
     </span>
     <span class='ocr_line' id='line_1_7' title="bbox 196 1227 1244 1335; baseline 0.01 -31"><span class='ocrx_word' id='word_1_41' title='bbox 196 1227 412 1331; x_wconf 88' lang='grc' dir='ltr'>λογιιίτερον</span> <span class='ocrx_word' id='word_1_42' title='bbox 441 1229 737 1335; x_wconf 83' lang='grc' dir='ltr'>ἀποτεινῶμεθα.)</span> <span class='ocrx_word' id='word_1_43' title='bbox 767 1239 894 1335; x_wconf 87' lang='grc' dir='ltr'>χειρῶν</span> <span class='ocrx_word' id='word_1_44' title='bbox 923 1235 1091 1329; x_wconf 85' lang='grc' dir='ltr'>διακονίαι,</span> <span class='ocrx_word' id='word_1_45' title='bbox 1119 1237 1162 1313; x_wconf 78' lang='grc' dir='ltr'><strong>δι’</strong></span> <span class='ocrx_word' id='word_1_46' title='bbox 1194 1233 1244 1314; x_wconf 88' lang='grc' dir='ltr'>ῶν</span> 
     </span>
     <span class='ocr_line' id='line_1_8' title="bbox 196 1362 1243 1468; baseline 0.006 -29"><span class='ocrx_word' id='word_1_47' title='bbox 196 1362 362 1464; x_wconf 73' lang='grc' dir='ltr'>ἐργασίαι</span> <span class='ocrx_word' id='word_1_48' title='bbox 397 1396 435 1441; x_wconf 89' lang='grc' dir='ltr'>τε</span> <span class='ocrx_word' id='word_1_49' title='bbox 465 1370 639 1459; x_wconf 86' lang='grc' dir='ltr'>παντοῖαι,</span> <span class='ocrx_word' id='word_1_50' title='bbox 676 1369 735 1442; x_wconf 80' lang='grc' dir='ltr'>καὶ</span> <span class='ocrx_word' id='word_1_51' title='bbox 770 1364 1019 1468; x_wconf 86' lang='grc' dir='ltr'>πολυμήχανοι</span> <span class='ocrx_word' id='word_1_52' title='bbox 1055 1376 1243 1447; x_wconf 85' lang='grc' dir='ltr'>τελοῦνται</span> 
     </span>
     <span class='ocr_line' id='line_1_9' title="bbox 194 1497 1242 1606; baseline 0.008 -31"><span class='ocrx_word' id='word_1_53' title='bbox 194 1497 325 1600; x_wconf 77' lang='grc' dir='ltr'>τέχναι,</span> <span class='ocrx_word' id='word_1_54' title='bbox 338 1505 414 1583; x_wconf 82' lang='grc' dir='ltr'>ταῖς</span> <span class='ocrx_word' id='word_1_55' title='bbox 432 1497 525 1578; x_wconf 80' lang='grc' dir='ltr'>κατὰ</span> <span class='ocrx_word' id='word_1_56' title='bbox 542 1499 646 1602; x_wconf 88' lang='grc' dir='ltr'>μέρος</span> <span class='ocrx_word' id='word_1_57' title='bbox 666 1499 859 1598; x_wconf 84' lang='grc' dir='ltr'>δυνάμεσιν</span> <span class='ocrx_word' id='word_1_58' title='bbox 876 1507 925 1586; x_wconf 86' lang='grc' dir='ltr'>είς</span> <span class='ocrx_word' id='word_1_59' title='bbox 941 1504 1026 1601; x_wconf 88' lang='grc' dir='ltr'>μίαν</span> <span class='ocrx_word' id='word_1_60' title='bbox 1049 1506 1242 1606; x_wconf 79' lang='grc' dir='ltr'>συνεργίαν</span> 
     </span>
     <span class='ocr_line' id='line_1_10' title="bbox 195 1631 1243 1742; baseline 0.008 -32"><span class='ocrx_word' id='word_1_61' title='bbox 195 1632 478 1734; x_wconf 90' lang='grc' dir='ltr'>διηρθρωμένων·</span> <span class='ocrx_word' id='word_1_62' title='bbox 500 1631 607 1732; x_wconf 81' lang='grc' dir='ltr'>ὤμων</span> <span class='ocrx_word' id='word_1_63' title='bbox 619 1669 658 1714; x_wconf 89' lang='grc' dir='ltr'>τε</span> <span class='ocrx_word' id='word_1_64' title='bbox 672 1638 897 1740; x_wconf 82' lang='grc' dir='ltr'>ἀχθοφορίαι,</span> <span class='ocrx_word' id='word_1_65' title='bbox 917 1641 974 1716; x_wconf 77' lang='grc' dir='ltr'>καὶ</span> <span class='ocrx_word' id='word_1_66' title='bbox 993 1643 1142 1742; x_wconf 81' lang='grc' dir='ltr'>κατοχαὶ</span> <span class='ocrx_word' id='word_1_67' title='bbox 1157 1642 1243 1719; x_wconf 87' lang='grc' dir='ltr'>δακ-</span> 
     </span>
     <span class='ocr_line' id='line_1_11' title="bbox 149 1765 1240 1872; baseline 0.008 -29"><span class='ocrx_word' id='word_1_68' title='bbox 149 1805 185 1844; x_wconf 84' lang='grc' dir='ltr'><strong>ιο</strong></span> <span class='ocrx_word' id='word_1_69' title='bbox 194 1765 324 1863; x_wconf 83' lang='grc' dir='ltr'>τύλων,</span> <span class='ocrx_word' id='word_1_70' title='bbox 343 1768 513 1864; x_wconf 80' lang='grc' dir='ltr'>ἀγκώνων</span> <span class='ocrx_word' id='word_1_71' title='bbox 537 1802 575 1847; x_wconf 88' lang='grc' dir='ltr'>τε</span> <span class='ocrx_word' id='word_1_72' title='bbox 603 1773 749 1866; x_wconf 77' lang='grc' dir='ltr'>καμπαὶ,</span> <span class='ocrx_word' id='word_1_73' title='bbox 768 1768 860 1872; x_wconf 87' lang='grc' dir='ltr'>πρός</span> <span class='ocrx_word' id='word_1_74' title='bbox 886 1804 925 1849; x_wconf 90' lang='grc' dir='ltr'>τε</span> <span class='ocrx_word' id='word_1_75' title='bbox 950 1770 992 1850; x_wconf 85' lang='grc' dir='ltr'>τὸ</span> <span class='ocrx_word' id='word_1_76' title='bbox 1020 1779 1129 1872; x_wconf 85' lang='grc' dir='ltr'>σῶμα</span> <span class='ocrx_word' id='word_1_77' title='bbox 1154 1773 1240 1852; x_wconf 89' lang='grc' dir='ltr'>ε’ίσω</span> 
     </span>
     <span class='ocr_line' id='line_1_12' title="bbox 193 1899 1242 2011; baseline 0.009 -34"><span class='ocrx_word' id='word_1_78' title='bbox 193 1900 445 2006; x_wconf 86' lang='grc' dir='ltr'>στρεφόμενοι,</span> <span class='ocrx_word' id='word_1_79' title='bbox 456 1905 514 1981; x_wconf 79' lang='grc' dir='ltr'>καὶ</span> <span class='ocrx_word' id='word_1_80' title='bbox 527 1901 618 2004; x_wconf 82' lang='grc' dir='ltr'>πρὸς</span> <span class='ocrx_word' id='word_1_81' title='bbox 626 1899 673 1982; x_wconf 84' lang='grc' dir='ltr'>,τὸ</span> <span class='ocrx_word' id='word_1_82' title='bbox 687 1900 787 1987; x_wconf 83' lang='grc' dir='ltr'>έκτδς</span> <span class='ocrx_word' id='word_1_83' title='bbox 800 1903 1049 2002; x_wconf 78' lang='grc' dir='ltr'>ἁπονεύονσαι,</span> <span class='ocrx_word' id='word_1_84' title='bbox 1062 1907 1121 1984; x_wconf 83' lang='grc' dir='ltr'><strong>ἵνα</strong></span> <span class='ocrx_word' id='word_1_85' title='bbox 1134 1906 1242 2011; x_wconf 83' lang='grc' dir='ltr'>ἐφέλ-</span> 
     </span>
     <span class='ocr_line' id='line_1_13' title="bbox 193 2035 1240 2142; baseline 0.005 -29"><span class='ocrx_word' id='word_1_86' title='bbox 193 2035 324 2113; x_wconf 91' lang='grc' dir='ltr'>κεσθαί</span> <span class='ocrx_word' id='word_1_87' title='bbox 338 2071 376 2115; x_wconf 89' lang='grc' dir='ltr'>τε</span> <span class='ocrx_word' id='word_1_88' title='bbox 395 2038 453 2115; x_wconf 77' lang='grc' dir='ltr'>καὶ</span> <span class='ocrx_word' id='word_1_89' title='bbox 471 2039 694 2116; x_wconf 81' lang='grc' dir='ltr'>ἀπωθεῖσθαι</span> <span class='ocrx_word' id='word_1_90' title='bbox 712 2036 896 2117; x_wconf 82' lang='grc' dir='ltr'>δύνωνται·</span> <span class='ocrx_word' id='word_1_91' title='bbox 917 2042 1038 2118; x_wconf 84' lang='grc' dir='ltr'>ποδῶν</span> <span class='ocrx_word' id='word_1_92' title='bbox 1053 2041 1240 2142; x_wconf 73' lang='grc' dir='ltr'>ι’πηρεσία,</span> 
     </span>
     <span class='ocr_line' id='line_1_14' title="bbox 192 2166 1240 2275; baseline 0.012 -30"><span class='ocrx_word' id='word_1_93' title='bbox 192 2169 235 2245; x_wconf 87' lang='grc' dir='ltr'><strong>δι’</strong></span> <span class='ocrx_word' id='word_1_94' title='bbox 260 2166 310 2247; x_wconf 84' lang='grc' dir='ltr'>ὧν</span> <span class='ocrx_word' id='word_1_95' title='bbox 337 2177 442 2250; x_wconf 81' lang='grc' dir='ltr'>πᾶσα</span> <span class='ocrx_word' id='word_1_96' title='bbox 468 2171 552 2269; x_wconf 84' lang='grc' dir='ltr'>ἡμῖν</span> <span class='ocrx_word' id='word_1_97' title='bbox 580 2172 834 2251; x_wconf 80' lang='grc' dir='ltr'>ὑποπέιττωκεν</span> <span class='ocrx_word' id='word_1_98' title='bbox 861 2174 883 2271; x_wconf 87' lang='grc' dir='ltr'><strong><em>ἡ</em></strong></span> <span class='ocrx_word' id='word_1_99' title='bbox 910 2173 1086 2275; x_wconf 86' lang='grc' dir='ltr'>περίγειος</span> <span class='ocrx_word' id='word_1_100' title='bbox 1114 2175 1240 2273; x_wconf 83' lang='grc' dir='ltr'>κτίσις,</span> 
     </span>
     <span class='ocr_line' id='line_1_15' title="bbox 191 2299 1240 2407; baseline 0.007 -27"><span class='ocrx_word' id='word_1_101' title='bbox 191 2299 350 2401; x_wconf 76' lang='grc' dir='ltr'>βάσιμος</span> <span class='ocrx_word' id='word_1_102' title='bbox 372 2305 394 2403; x_wconf 86' lang='grc' dir='ltr'><strong><em>ἡ</em></strong></span> <span class='ocrx_word' id='word_1_103' title='bbox 418 2308 478 2405; x_wconf 77' lang='grc' dir='ltr'>γῆ,</span> <span class='ocrx_word' id='word_1_104' title='bbox 495 2303 624 2402; x_wconf 80' lang='grc' dir='ltr'>πλωτὴ</span> <span class='ocrx_word' id='word_1_105' title='bbox 650 2304 672 2403; x_wconf 85' lang='grc' dir='ltr'><strong><em>ἡ</em></strong></span> <span class='ocrx_word' id='word_1_106' title='bbox 697 2303 885 2401; x_wconf 80' lang='grc' dir='ltr'>θάλασσα,</span> <span class='ocrx_word' id='word_1_107' title='bbox 903 2303 1096 2407; x_wconf 80' lang='grc' dir='ltr'>περάσιμοι</span> <span class='ocrx_word' id='word_1_108' title='bbox 1117 2311 1150 2385; x_wconf 84' lang='lat' dir='ltr'><strong>oi</strong></span> <span class='ocrx_word' id='word_1_109' title='bbox 1172 2341 1240 2387; x_wconf 88' lang='grc' dir='ltr'><strong>πο-</strong></span> 
     </span>
     <span class='ocr_line' id='line_1_16' title="bbox 146 2435 1236 2542; baseline -0.001 -23"><span class='ocrx_word' id='word_1_110' title='bbox 146 2440 381 2539; x_wconf 59' lang='lat' dir='ltr'><strong>¹5T‘211022ffli</strong></span> <span class='ocrx_word' id='word_1_111' title='bbox 398 2436 544 2516; x_wconf 80' lang='grc' dir='ltr'>πάντων</span> <span class='ocrx_word' id='word_1_112' title='bbox 561 2435 652 2537; x_wconf 82' lang='grc' dir='ltr'>πρὸς</span> <span class='ocrx_word' id='word_1_113' title='bbox 669 2436 790 2515; x_wconf 83' lang='grc' dir='ltr'>πάντα</span> <span class='ocrx_word' id='word_1_114' title='bbox 807 2437 976 2542; x_wconf 78' lang='grc' dir='ltr'>ἐπιμιξία.</span> <span class='ocrx_word' id='word_1_115' title='bbox 1007 2437 1151 2540; x_wconf 81' lang='grc' dir='ltr'>γαστὴρ</span> <span class='ocrx_word' id='word_1_116' title='bbox 1169 2473 1236 2518; x_wconf 87' lang='grc' dir='ltr'><strong>τα·</strong></span> 
     </span>
     <span class='ocr_line' id='line_1_17' title="bbox 190 2571 1243 2681; baseline 0.007 -35"><span class='ocrx_word' id='word_1_117' title='bbox 190 2577 303 2666; x_wconf 86' lang='grc' dir='ltr'>μιεΐον</span> <span class='ocrx_word' id='word_1_118' title='bbox 323 2576 478 2675; x_wconf 83' lang='grc' dir='ltr'>τροφῶν,</span> <span class='ocrx_word' id='word_1_119' title='bbox 497 2577 591 2649; x_wconf 81' lang='grc' dir='ltr'>πᾶσι</span> <span class='ocrx_word' id='word_1_120' title='bbox 614 2576 689 2653; x_wconf 83' lang='grc' dir='ltr'>τοῖς</span> <span class='ocrx_word' id='word_1_121' title='bbox 712 2571 1008 2673; x_wconf 76' lang='grc' dir='ltr'>συντεταγμένοις</span> <span class='ocrx_word' id='word_1_122' title='bbox 1032 2571 1181 2670; x_wconf 88' lang='grc' dir='ltr'>μέλεσιν</span> <span class='ocrx_word' id='word_1_123' title='bbox 1199 2576 1243 2681; x_wconf 78' lang='grc' dir='ltr'><strong>ἐξ</strong></span> 
     </span>
     <span class='ocr_line' id='line_1_18' title="bbox 191 2701 1240 2811; baseline 0.004 -30"><span class='ocrx_word' id='word_1_124' title='bbox 191 2705 316 2801; x_wconf 78' lang='grc' dir='ltr'>ἑαυτῆς</span> <span class='ocrx_word' id='word_1_125' title='bbox 342 2706 381 2783; x_wconf 84' lang='grc' dir='ltr'>έν</span> <span class='ocrx_word' id='word_1_126' title='bbox 411 2704 528 2811; x_wconf 87' lang='grc' dir='ltr'>μέτριρ</span> <span class='ocrx_word' id='word_1_127' title='bbox 556 2701 598 2781; x_wconf 80' lang='grc' dir='ltr'>τὸ</span> <span class='ocrx_word' id='word_1_128' title='bbox 624 2703 831 2806; x_wconf 87' lang='grc' dir='ltr'>σιτηρέσιον</span> <span class='ocrx_word' id='word_1_129' title='bbox 856 2704 1082 2803; x_wconf 83' lang='grc' dir='ltr'>διανέμουσα,</span> <span class='ocrx_word' id='word_1_130' title='bbox 1111 2708 1169 2784; x_wconf 85' lang='grc' dir='ltr'>καὶ</span> <span class='ocrx_word' id='word_1_131' title='bbox 1198 2707 1240 2785; x_wconf 85' lang='grc' dir='ltr'>τὸ</span> 
     </span>
    </p>
   </div>
   <div class='ocr_carea' id='block_1_5' title="bbox 134 2893 1237 4408">
    <p class='ocr_par' dir='ltr' id='par_1_5' title="bbox 134 2893 1237 4408">
     <span class='ocr_line' id='line_1_19' title="bbox 190 2893 1237 2974; baseline 0.001 -20"><span class='ocrx_word' id='word_1_132' title='bbox 190 2915 392 2974; x_wconf 76' lang='lat' dir='ltr'><strong>annonamque</strong></span> <span class='ocrx_word' id='word_1_133' title='bbox 410 2897 581 2964; x_wconf 86' lang='lat' dir='ltr'><strong>convehens,</strong></span> <span class='ocrx_word' id='word_1_134' title='bbox 598 2895 687 2953; x_wconf 80' lang='lat' dir='ltr'><strong>olfac·</strong></span> <span class='ocrx_word' id='word_1_135' title='bbox 739 2895 784 2953; x_wconf 91' lang='lat' dir='ltr'><strong>dis</strong></span> <span class='ocrx_word' id='word_1_136' title='bbox 802 2894 938 2953; x_wconf 88' lang='lat' dir='ltr'><strong>oneribus</strong></span> <span class='ocrx_word' id='word_1_137' title='bbox 956 2893 1063 2960; x_wconf 87' lang='lat' dir='ltr'><strong>idonei,</strong></span> <span class='ocrx_word' id='word_1_138' title='bbox 1080 2894 1237 2973; x_wconf 80' lang='lat' dir='ltr'><strong>digitorum</strong></span> 
     </span>
     <span class='ocr_line' id='line_1_20' title="bbox 190 2974 1237 3053; baseline -0.001 -18"><span class='ocrx_word' id='word_1_139' title='bbox 190 2987 239 3035; x_wconf 87' lang='lat' dir='ltr'><strong>tus</strong></span> <span class='ocrx_word' id='word_1_140' title='bbox 256 2976 396 3053; x_wconf 77' lang='lat' dir='ltr'><strong>indagans</strong></span> <span class='ocrx_word' id='word_1_141' title='bbox 412 2974 625 3052; x_wconf 77' lang='lat' dir='ltr'><strong>quodammodo</strong></span> <span class='ocrx_word' id='word_1_142' title='bbox 643 2984 686 3033; x_wconf 82' lang='lat' dir='ltr'><strong>at·</strong></span> <span class='ocrx_word' id='word_1_143' title='bbox 738 2974 953 3053; x_wconf 87' lang='lat' dir='ltr'><strong>prehensiones,</strong></span> <span class='ocrx_word' id='word_1_144' title='bbox 969 2974 1108 3033; x_wconf 81' lang='lat' dir='ltr'><strong>flexiones</strong></span> <span class='ocrx_word' id='word_1_145' title='bbox 1123 2977 1237 3035; x_wconf 87' lang='lat' dir='ltr'><strong>cubito·</strong></span> 
     </span>
     <span class='ocr_line' id='line_1_21' title="bbox 143 3054 1237 3134; baseline 0.004 -22"><span class='ocrx_word' id='word_1_146' title='bbox 143 3073 247 3134; x_wconf 75' lang='lat' dir='ltr'><strong>noque</strong></span> <span class='ocrx_word' id='word_1_147' title='bbox 271 3057 426 3134; x_wconf 75' lang='lat' dir='ltr'><strong>vestigans,</strong></span> <span class='ocrx_word' id='word_1_148' title='bbox 451 3065 547 3114; x_wconf 80' lang='lat' dir='ltr'><strong>tuctus</strong></span> <span class='ocrx_word' id='word_1_149' title='bbox 571 3055 688 3113; x_wconf 76' lang='lat' dir='ltr'><strong>subdita</strong></span> <span class='ocrx_word' id='word_1_150' title='bbox 737 3072 813 3121; x_wconf 89' lang='lat' dir='ltr'><strong>rum,</strong></span> <span class='ocrx_word' id='word_1_151' title='bbox 828 3074 892 3131; x_wconf 83' lang='lat' dir='ltr'><strong>quae</strong></span> <span class='ocrx_word' id='word_1_152' title='bbox 908 3056 950 3112; x_wconf 87' lang='lat' dir='ltr'><strong>uti</strong></span> <span class='ocrx_word' id='word_1_153' title='bbox 965 3075 1011 3113; x_wconf 85' lang='lat' dir='ltr'><strong>res</strong></span> <span class='ocrx_word' id='word_1_154' title='bbox 1026 3054 1072 3114; x_wconf 93' lang='lat' dir='ltr'><strong>vel</strong></span> <span class='ocrx_word' id='word_1_155' title='bbox 1091 3056 1237 3116; x_wconf 78' lang='lat' dir='ltr'><strong>attrahere</strong></span> 
     </span>
     <span class='ocr_line' id='line_1_22' title="bbox 188 3134 1237 3213; baseline 0 -19"><span class='ocrx_word' id='word_1_156' title='bbox 188 3137 286 3194; x_wconf 84' lang='lat' dir='ltr'><strong>omnia</strong></span> <span class='ocrx_word' id='word_1_157' title='bbox 313 3135 447 3213; x_wconf 80' lang='lat' dir='ltr'><strong>digerens</strong></span> <span class='ocrx_word' id='word_1_158' title='bbox 477 3146 507 3193; x_wconf 90' lang='lat' dir='ltr'><strong>et</strong></span> <span class='ocrx_word' id='word_1_159' title='bbox 539 3136 685 3193; x_wconf 77' lang='lat' dir='ltr'><strong>ordinans.</strong></span> <span class='ocrx_word' id='word_1_160' title='bbox 737 3134 850 3213; x_wconf 78' lang='lat' dir='ltr'><strong>possint</strong></span> <span class='ocrx_word' id='word_1_161' title='bbox 874 3134 920 3193; x_wconf 85' lang='lat' dir='ltr'><strong>vel</strong></span> <span class='ocrx_word' id='word_1_162' title='bbox 947 3134 1103 3212; x_wconf 81' lang='lat' dir='ltr'>depellere,</span> <span class='ocrx_word' id='word_1_163' title='bbox 1129 3136 1237 3194; x_wconf 90' lang='lat' dir='ltr'><strong>intrin-</strong></span> 
     </span>
     <span class='ocr_line' id='line_1_23' title="bbox 189 3215 1236 3294; baseline 0.002 -21"><span class='ocrx_word' id='word_1_164' title='bbox 189 3216 295 3289; x_wconf 89' lang='lat' dir='ltr'><strong>(Nunc</strong></span> <span class='ocrx_word' id='word_1_165' title='bbox 312 3216 389 3274; x_wconf 88' lang='lat' dir='ltr'><strong>enim</strong></span> <span class='ocrx_word' id='word_1_166' title='bbox 411 3236 448 3274; x_wconf 85' lang='lat' dir='ltr'><strong>ex</strong></span> <span class='ocrx_word' id='word_1_167' title='bbox 468 3215 687 3294; x_wconf 66' lang='lat' dir='ltr'><strong>sapientissime</strong></span> <span class='ocrx_word' id='word_1_168' title='bbox 736 3234 820 3272; x_wconf 82' lang='lat' dir='ltr'><strong>secus</strong></span> <span class='ocrx_word' id='word_1_169' title='bbox 828 3215 1236 3291; x_wconf 80' lang='lat' dir='ltr'><strong>extrinsecusqueversantur:</strong></span> 
     </span>
     <span class='ocr_line' id='line_1_24' title="bbox 189 3294 1236 3375; baseline 0.001 -22"><span class='ocrx_word' id='word_1_170' title='bbox 189 3296 385 3355; x_wconf 72' lang='lat' dir='ltr'><strong>Providentiae</strong></span> <span class='ocrx_word' id='word_1_171' title='bbox 404 3296 541 3375; x_wconf 87' lang='lat' dir='ltr'><strong>operibns</strong></span> <span class='ocrx_word' id='word_1_172' title='bbox 561 3315 686 3353; x_wconf 81' lang='lat' dir='ltr'><strong>summe·</strong></span> <span class='ocrx_word' id='word_1_173' title='bbox 736 3294 844 3373; x_wconf 91' lang='lat' dir='ltr'><strong>pedum</strong></span> <span class='ocrx_word' id='word_1_174' title='bbox 874 3295 1055 3372; x_wconf 85' lang='lat' dir='ltr'><strong>obsequium,</strong></span> <span class='ocrx_word' id='word_1_175' title='bbox 1083 3316 1135 3374; x_wconf 87' lang='lat' dir='ltr'><strong>per</strong></span> <span class='ocrx_word' id='word_1_176' title='bbox 1162 3316 1236 3373; x_wconf 89' lang='lat' dir='ltr'><strong>quos</strong></span> 
     </span>
     <span class='ocr_line' id='line_1_25' title="bbox 187 3374 1236 3455; baseline 0 -22"><span class='ocrx_word' id='word_1_177' title='bbox 187 3376 241 3433; x_wconf 91' lang='lat' dir='ltr'><strong>tim</strong></span> <span class='ocrx_word' id='word_1_178' title='bbox 263 3396 355 3455; x_wconf 83' lang='lat' dir='ltr'><strong>pauco</strong></span> <span class='ocrx_word' id='word_1_179' title='bbox 368 3387 482 3434; x_wconf 81' lang='lat' dir='ltr'><strong>tentum</strong></span> <span class='ocrx_word' id='word_1_180' title='bbox 504 3374 602 3451; x_wconf 79' lang='lat' dir='ltr'><strong>ulique</strong></span> <span class='ocrx_word' id='word_1_181' title='bbox 619 3395 684 3453; x_wconf 92' lang='lat' dir='ltr'><strong>per·</strong></span> <span class='ocrx_word' id='word_1_182' title='bbox 735 3385 831 3433; x_wconf 82' lang='lat' dir='ltr'><strong>creata</strong></span> <span class='ocrx_word' id='word_1_183' title='bbox 850 3374 924 3433; x_wconf 81' lang='lat' dir='ltr'><strong>circa</strong></span> <span class='ocrx_word' id='word_1_184' title='bbox 943 3387 1050 3433; x_wconf 81' lang='lat' dir='ltr'><strong>terram</strong></span> <span class='ocrx_word' id='word_1_185' title='bbox 1071 3376 1169 3433; x_wconf 85' lang='lat' dir='ltr'><strong>omniu</strong></span> <span class='ocrx_word' id='word_1_186' title='bbox 1183 3396 1236 3433; x_wconf 92' lang='lat' dir='ltr'><strong>no-</strong></span> 
     </span>
     <span class='ocr_line' id='line_1_26' title="bbox 140 3454 1236 3533; baseline 0 -19"><span class='ocrx_word' id='word_1_187' title='bbox 140 3474 176 3533; x_wconf 81' lang='lat'><strong>25</strong></span> <span class='ocrx_word' id='word_1_188' title='bbox 187 3456 339 3523; x_wconf 84' lang='lat' dir='ltr'><strong>currimus,</strong></span> <span class='ocrx_word' id='word_1_189' title='bbox 368 3456 456 3515; x_wconf 89' lang='lat' dir='ltr'><strong>iidem</strong></span> <span class='ocrx_word' id='word_1_190' title='bbox 491 3454 578 3533; x_wconf 80' lang='lat' dir='ltr'><strong>poulo</strong></span> <span class='ocrx_word' id='word_1_191' title='bbox 608 3466 684 3533; x_wconf 86' lang='lat' dir='ltr'><strong>post,</strong></span> <span class='ocrx_word' id='word_1_192' title='bbox 735 3454 779 3513; x_wconf 88' lang='lat' dir='ltr'><strong>bis</strong></span> <span class='ocrx_word' id='word_1_193' title='bbox 799 3455 1007 3524; x_wconf 80' lang='lat' dir='ltr'><strong>obsecundent,</strong></span> <span class='ocrx_word' id='word_1_194' title='bbox 1024 3455 1130 3531; x_wconf 84' lang='lat' dir='ltr'><strong>quibus</strong></span> <span class='ocrx_word' id='word_1_195' title='bbox 1150 3465 1236 3514; x_wconf 78' lang='lat' dir='ltr'><strong>terroe</strong></span> 
     </span>
     <span class='ocr_line' id='line_1_27' title="bbox 186 3534 1235 3612; baseline -0.001 -18"><span class='ocrx_word' id='word_1_196' title='bbox 186 3556 252 3594; x_wconf 87' lang='lat' dir='ltr'><strong>cum</strong></span> <span class='ocrx_word' id='word_1_197' title='bbox 266 3535 403 3594; x_wconf 79' lang='lat' dir='ltr'><strong>adversus</strong></span> <span class='ocrx_word' id='word_1_198' title='bbox 417 3534 511 3599; x_wconf 86' lang='lat' dir='ltr'><strong>illum,</strong></span> <span class='ocrx_word' id='word_1_199' title='bbox 527 3535 610 3611; x_wconf 84' lang='lat' dir='ltr'><strong>cujus</strong></span> <span class='ocrx_word' id='word_1_200' title='bbox 623 3555 685 3593; x_wconf 81' lang='lat' dir='ltr'><strong>ma·</strong></span> <span class='ocrx_word' id='word_1_201' title='bbox 735 3545 935 3612; x_wconf 74' lang='lat' dir='ltr'><strong>peragrantur,</strong></span> <span class='ocrx_word' id='word_1_202' title='bbox 967 3536 1141 3612; x_wconf 71' lang='lat' dir='ltr'><strong>novigentus</strong></span> <span class='ocrx_word' id='word_1_203' title='bbox 1174 3554 1235 3593; x_wconf 81' lang='lat' dir='ltr'><strong>mo-</strong></span> 
     </span>
     <span class='ocr_line' id='line_1_28' title="bbox 182 3612 1234 3692; baseline -0.001 -19"><span class='ocrx_word' id='word_1_204' title='bbox 182 3616 230 3691; x_wconf 87' lang='lat' dir='ltr'><strong>jor</strong></span> <span class='ocrx_word' id='word_1_205' title='bbox 244 3627 289 3675; x_wconf 84' lang='lat' dir='ltr'><strong>est</strong></span> <span class='ocrx_word' id='word_1_206' title='bbox 310 3614 482 3674; x_wconf 89' lang='lat' dir='ltr'><strong>eruditionis</strong></span> <span class='ocrx_word' id='word_1_207' title='bbox 501 3614 609 3692; x_wconf 88' lang='lat' dir='ltr'><strong>opinio,</strong></span> <span class='ocrx_word' id='word_1_208' title='bbox 625 3614 683 3673; x_wconf 86' lang='lat' dir='ltr'><strong>dis·</strong></span> <span class='ocrx_word' id='word_1_209' title='bbox 734 3615 785 3681; x_wconf 82' lang='lat' dir='ltr'><strong>ria,</strong></span> <span class='ocrx_word' id='word_1_210' title='bbox 798 3612 880 3669; x_wconf 87' lang='lat' dir='ltr'><strong>fluvii</strong></span> <span class='ocrx_word' id='word_1_211' title='bbox 894 3612 1091 3688; x_wconf 85' lang='lat' dir='ltr'><strong>trajiciuntur,</strong></span> <span class='ocrx_word' id='word_1_212' title='bbox 1103 3614 1234 3672; x_wconf 88' lang='lat' dir='ltr'><strong>omnium</strong></span> 
     </span>
     <span class='ocr_line' id='line_1_29' title="bbox 186 3692 1233 3774; baseline -0.002 -20"><span class='ocrx_word' id='word_1_213' title='bbox 186 3697 363 3774; x_wconf 87' lang='lat' dir='ltr'><strong>putabimus,</strong></span> <span class='ocrx_word' id='word_1_214' title='bbox 379 3695 497 3752; x_wconf 81' lang='lat' dir='ltr'><strong>uberius</strong></span> <span class='ocrx_word' id='word_1_215' title='bbox 516 3694 582 3751; x_wconf 89' lang='lat' dir='ltr'><strong>Deo</strong></span> <span class='ocrx_word' id='word_1_216' title='bbox 600 3694 683 3761; x_wconf 85' lang='lat' dir='ltr'><strong>duce,</strong></span> <span class='ocrx_word' id='word_1_217' title='bbox 734 3692 992 3751; x_wconf 84' lang='lat' dir='ltr'><strong>commerciacum</strong></span> <span class='ocrx_word' id='word_1_218' title='bbox 1014 3693 1150 3751; x_wconf 88' lang='lat' dir='ltr'><strong>omnibus</strong></span> <span class='ocrx_word' id='word_1_219' title='bbox 1173 3694 1233 3753; x_wconf 91' lang='lat' dir='ltr'><strong>ine-</strong></span> 
     </span>
     <span class='ocr_line' id='line_1_30' title="bbox 184 3771 1233 3853; baseline -0.001 -21"><span class='ocrx_word' id='word_1_220' title='bbox 184 3794 218 3833; x_wconf 83' lang='lat' dir='ltr'><strong>se</strong></span> <span class='ocrx_word' id='word_1_221' title='bbox 227 3774 443 3853; x_wconf 81' lang='lat' dir='ltr'><strong>pleniusomnis</strong></span> <span class='ocrx_word' id='word_1_222' title='bbox 452 3776 681 3852; x_wconf 84' lang='lat' dir='ltr'><strong>persequemur.)</strong></span> <span class='ocrx_word' id='word_1_223' title='bbox 733 3781 833 3829; x_wconf 87' lang='lat' dir='ltr'><strong>untur.</strong></span> <span class='ocrx_word' id='word_1_224' title='bbox 878 3772 986 3828; x_wconf 89' lang='lat' dir='ltr'><strong>Venter</strong></span> <span class='ocrx_word' id='word_1_225' title='bbox 1007 3771 1137 3828; x_wconf 89' lang='lat' dir='ltr'><strong>ciborum</strong></span> <span class='ocrx_word' id='word_1_226' title='bbox 1164 3792 1233 3831; x_wconf 78' lang='lat' dir='ltr'><strong>ers-</strong></span> 
     </span>
     <span class='ocr_line' id='line_1_31' title="bbox 136 3851 1236 3931; baseline -0.002 -17"><span class='ocrx_word' id='word_1_227' title='bbox 136 3874 175 3931; x_wconf 91' lang='lat'><strong>30</strong></span> <span class='ocrx_word' id='word_1_228' title='bbox 184 3855 328 3913; x_wconf 79' lang='lat' dir='ltr'><strong>Mannum</strong></span> <span class='ocrx_word' id='word_1_229' title='bbox 349 3874 420 3931; x_wconf 87' lang='lat' dir='ltr'><strong>ergo</strong></span> <span class='ocrx_word' id='word_1_230' title='bbox 440 3853 577 3931; x_wconf 86' lang='lat' dir='ltr'><strong>deinceps</strong></span> <span class='ocrx_word' id='word_1_231' title='bbox 596 3854 683 3911; x_wconf 89' lang='lat' dir='ltr'><strong>mini.</strong></span> <span class='ocrx_word' id='word_1_232' title='bbox 733 3852 820 3917; x_wconf 91' lang='lat' dir='ltr'><strong>rium,</strong></span> <span class='ocrx_word' id='word_1_233' title='bbox 852 3851 989 3909; x_wconf 85' lang='lat' dir='ltr'><strong>membris</strong></span> <span class='ocrx_word' id='word_1_234' title='bbox 1018 3851 1154 3910; x_wconf 88' lang='lat' dir='ltr'><strong>omnibus</strong></span> <span class='ocrx_word' id='word_1_235' title='bbox 1182 3873 1236 3912; x_wconf 85' lang='lat' dir='ltr'><strong>suo</strong></span> 
     </span>
     <span class='ocr_line' id='line_1_32' title="bbox 183 3929 1232 4011; baseline -0.003 -19"><span class='ocrx_word' id='word_1_236' title='bbox 183 3935 315 4001; x_wconf 86' lang='lat' dir='ltr'><strong>sterium,</strong></span> <span class='ocrx_word' id='word_1_237' title='bbox 346 3953 411 4010; x_wconf 78' lang='lat' dir='ltr'><strong>quoe</strong></span> <span class='ocrx_word' id='word_1_238' title='bbox 443 3933 537 3990; x_wconf 89' lang='lat' dir='ltr'><strong>omnis</strong></span> <span class='ocrx_word' id='word_1_239' title='bbox 568 3934 682 4011; x_wconf 81' lang='lat' dir='ltr'><strong>generis</strong></span> <span class='ocrx_word' id='word_1_240' title='bbox 733 3931 897 4008; x_wconf 85' lang='lat' dir='ltr'><strong>quibusque</strong></span> <span class='ocrx_word' id='word_1_241' title='bbox 915 3929 980 3987; x_wconf 88' lang='lat' dir='ltr'><strong>loco</strong></span> <span class='ocrx_word' id='word_1_242' title='bbox 998 3940 1028 3987; x_wconf 89' lang='lat' dir='ltr'><strong>et</strong></span> <span class='ocrx_word' id='word_1_243' title='bbox 1050 3930 1151 3989; x_wconf 91' lang='lat' dir='ltr'><strong>ordine</strong></span> <span class='ocrx_word' id='word_1_244' title='bbox 1173 3933 1232 3989; x_wconf 87' lang='lat' dir='ltr'><strong>ool·</strong></span> 
     </span>
     <span class='ocr_line' id='line_1_33' title="bbox 183 4010 1235 4090; baseline -0.001 -19"><span class='ocrx_word' id='word_1_245' title='bbox 183 4013 350 4072; x_wconf 81' lang='lat' dir='ltr'><strong>functiones</strong></span> <span class='ocrx_word' id='word_1_246' title='bbox 386 4014 505 4079; x_wconf 90' lang='lat' dir='ltr'><strong>obeunt,</strong></span> <span class='ocrx_word' id='word_1_247' title='bbox 547 4024 682 4090; x_wconf 79' lang='lat' dir='ltr'><strong>artesque</strong></span> <span class='ocrx_word' id='word_1_248' title='bbox 732 4010 844 4077; x_wconf 79' lang='lat' dir='ltr'><strong>looetis,</strong></span> <span class='ocrx_word' id='word_1_249' title='bbox 857 4010 967 4085; x_wconf 83' lang='lat' dir='ltr'><strong>justam</strong></span> <span class='ocrx_word' id='word_1_250' title='bbox 987 4030 1038 4088; x_wconf 90' lang='lat' dir='ltr'><strong>per</strong></span> <span class='ocrx_word' id='word_1_251' title='bbox 1060 4030 1123 4068; x_wconf 84' lang='lat' dir='ltr'><strong>sese</strong></span> <span class='ocrx_word' id='word_1_252' title='bbox 1145 4031 1235 4070; x_wconf 76' lang='lat' dir='ltr'><strong>enno·</strong></span> 
     </span>
     <span class='ocr_line' id='line_1_34' title="bbox 182 4089 1234 4170; baseline -0.002 -20"><span class='ocrx_word' id='word_1_253' title='bbox 182 4092 345 4151; x_wconf 87' lang='lat' dir='ltr'><strong>moliuntur</strong></span> <span class='ocrx_word' id='word_1_254' title='bbox 375 4092 529 4170; x_wconf 83' lang='lat' dir='ltr'><strong>singularis</strong></span> <span class='ocrx_word' id='word_1_255' title='bbox 561 4093 681 4169; x_wconf 81' lang='lat' dir='ltr'><strong>ingenii,</strong></span> <span class='ocrx_word' id='word_1_256' title='bbox 731 4110 798 4147; x_wconf 82' lang='lat' dir='ltr'><strong>nem</strong></span> <span class='ocrx_word' id='word_1_257' title='bbox 824 4089 1011 4155; x_wconf 81' lang='lat' dir='ltr'><strong>distribuens,</strong></span> <span class='ocrx_word' id='word_1_258' title='bbox 1037 4100 1067 4147; x_wconf 89' lang='lat' dir='ltr'><strong>et</strong></span> <span class='ocrx_word' id='word_1_259' title='bbox 1094 4090 1234 4167; x_wconf 88' lang='lat' dir='ltr'><strong>quicquid</strong></span> 
     </span>
     <span class='ocr_line' id='line_1_35' title="bbox 183 4168 1234 4252; baseline 0 -23"><span class='ocrx_word' id='word_1_260' title='bbox 183 4172 308 4252; x_wconf 89' lang='lat' dir='ltr'><strong>propriis</strong></span> <span class='ocrx_word' id='word_1_261' title='bbox 318 4172 482 4247; x_wconf 89' lang='lat' dir='ltr'><strong>quibusque</strong></span> <span class='ocrx_word' id='word_1_262' title='bbox 494 4171 682 4230; x_wconf 74' lang='lat' dir='ltr'><strong>facultatibus</strong></span> <span class='ocrx_word' id='word_1_263' title='bbox 731 4168 913 4248; x_wconf 86' lang='lat' dir='ltr'><strong>superfluum</strong></span> <span class='ocrx_word' id='word_1_264' title='bbox 942 4179 997 4235; x_wconf 86' lang='lat' dir='ltr'><strong>est,</strong></span> <span class='ocrx_word' id='word_1_265' title='bbox 1023 4169 1150 4245; x_wconf 88' lang='lat' dir='ltr'><strong>ejiciens.</strong></span> <span class='ocrx_word' id='word_1_266' title='bbox 1187 4170 1234 4229; x_wconf 82' lang='lat' dir='ltr'><strong>Ao</strong></span> 
     </span>
     <span class='ocr_line' id='line_1_36' title="bbox 134 4248 1234 4326; baseline -0.004 -17"><span class='ocrx_word' id='word_1_267' title='bbox 134 4267 151 4325; x_wconf 78' lang='lat'>3</span> <span class='ocrx_word' id='word_1_268' title='bbox 156 4265 172 4326; x_wconf 83' lang='lat'>5</span> <span class='ocrx_word' id='word_1_269' title='bbox 183 4252 219 4309; x_wconf 83' lang='lat' dir='ltr'><strong>od</strong></span> <span class='ocrx_word' id='word_1_270' title='bbox 242 4271 329 4309; x_wconf 80' lang='lat' dir='ltr'><strong>unum</strong></span> <span class='ocrx_word' id='word_1_271' title='bbox 350 4251 534 4309; x_wconf 83' lang='lat' dir='ltr'><strong>functionum</strong></span> <span class='ocrx_word' id='word_1_272' title='bbox 560 4252 681 4309; x_wconf 82' lang='lat' dir='ltr'><strong>societu-</strong></span> <span class='ocrx_word' id='word_1_273' title='bbox 731 4260 845 4315; x_wconf 72' lang='lat' dir='ltr'><strong>eutero,</strong></span> <span class='ocrx_word' id='word_1_274' title='bbox 856 4267 980 4325; x_wconf 89' lang='lat' dir='ltr'><strong>quorum</strong></span> <span class='ocrx_word' id='word_1_275' title='bbox 996 4248 1024 4306; x_wconf 88' lang='lat' dir='ltr'><strong>vi</strong></span> <span class='ocrx_word' id='word_1_276' title='bbox 1039 4248 1173 4305; x_wconf 73' lang='lat' dir='ltr'><strong>humanm</strong></span> <span class='ocrx_word' id='word_1_277' title='bbox 1187 4249 1234 4305; x_wconf 83' lang='lat' dir='ltr'><strong>fir·</strong></span> 
     </span>
     <span class='ocr_line' id='line_1_37' title="bbox 182 4326 1233 4408; baseline -0.004 -18"><span class='ocrx_word' id='word_1_278' title='bbox 182 4342 242 4390; x_wconf 89' lang='lat' dir='ltr'><strong>tem</strong></span> <span class='ocrx_word' id='word_1_279' title='bbox 254 4332 421 4389; x_wconf 67' lang='lat' dir='ltr'><strong>instructu:</strong></span> <span class='ocrx_word' id='word_1_280' title='bbox 441 4330 554 4389; x_wconf 88' lang='lat' dir='ltr'><strong>humeri</strong></span> <span class='ocrx_word' id='word_1_281' title='bbox 565 4341 679 4408; x_wconf 82' lang='lat' dir='ltr'><strong>gestun-</strong></span> <span class='ocrx_word' id='word_1_282' title='bbox 731 4329 844 4386; x_wconf 82' lang='lat' dir='ltr'><strong>mitetis</strong></span> <span class='ocrx_word' id='word_1_283' title='bbox 860 4338 891 4387; x_wconf 87' lang='lat' dir='ltr'><strong>et</strong></span> <span class='ocrx_word' id='word_1_284' title='bbox 910 4326 1138 4385; x_wconf 84' lang='lat' dir='ltr'><strong>conservationis</strong></span> <span class='ocrx_word' id='word_1_285' title='bbox 1158 4327 1233 4386; x_wconf 79' lang='lat' dir='ltr'><strong>ratio</strong></span> 
     </span>
    </p>
   </div>
   <div class='ocr_carea' id='block_1_6' title="bbox 225 4441 821 4505">
    <p class='ocr_par' dir='ltr' id='par_1_6' title="bbox 225 4441 821 4505">
     <span class='ocr_line' id='line_1_38' title="bbox 225 4441 821 4505; baseline 0.007 -17"><span class='ocrx_word' id='word_1_286' title='bbox 225 4448 291 4490; x_wconf 79' lang='lat' dir='ltr'><strong>vos.</strong></span> <span class='ocrx_word' id='word_1_287' title='bbox 307 4448 349 4489; x_wconf 76' lang='grc' dir='ltr'>ιν.</span> <span class='ocrx_word' id='word_1_288' title='bbox 764 4441 784 4505; x_wconf 83' lang='grc'>3</span> <span class='ocrx_word' id='word_1_289' title='bbox 801 4444 821 4484; x_wconf 74' lang='lat' dir='ltr'>G</span> 
     </span>
    </p>
   </div>
   <div class='ocr_carea' id='block_1_7' title="bbox 0 0 1626 5150">
    <p class='ocr_par' dir='ltr' id='par_1_7' title="bbox 0 0 1626 5150">
     <span class='ocr_line' id='line_1_39' title="bbox 0 0 1626 5150; baseline 0 5"><span class='ocrx_word' id='word_1_290' title='bbox 0 0 1626 5150; x_wconf 95' lang='lat' dir='ltr'><strong> </strong></span> 
     </span>
    </p>
   </div>
  </div>
 </body>
</html>
