3242 5150
336 388 388 452 IN
413 389 446 452 S.
472 387 620 452 PETRI
645 387 793 452 ALEX.
817 387 1138 453 FRAGMENTA.
1220 389 1261 452 81

210 558 303 644 prodi
330 558 456 624 dixerat
479 558 595 624 Gavius
618 558 922 644 parachronismum,
946 559 1022 622 dum
1047 558 1116 644 ipse
1137 579 1263 642 quoquc

211 662 326 728 Gavius
350 667 460 748 partes
484 659 611 746 quidem
634 659 792 725 Ιὶίαιιθδσ
815 663 916 726 Petro
941 660 1124 746 assignarit.
1180 659 1262 725 Cum

210 785 286 829 voro
317 763 536 829 testimonium
566 761 611 827 ibi
634 761 781 827 extiterit
810 762 851 826 de
879 762 1081 848 autographo
1110 761 1264 848 evangelii

211 863 346 931 doannis
366 866 400 930 iu
421 864 554 931 ecclesia
574 863 737 950 Ephesius
758 870 894 937 servato,
911 865 1013 949 “ejus
1033 863 1095 928 loci
1115 885 1154 929 ac
1172 862 1263 928 testi-

214 973 234 1005 “
249 967 345 1032 monii
360 969 540 1050 γνησιθτης”
556 967 669 1047 (verba
684 972 759 1030 sunt
773 964 832 1030 cel.
848 965 988 1030 Ernestii
1010 966 1043 1030 in
1058 961 1192 1031 lastitut.
1209 967 1264 1028 Ia·

210 1070 349 1154 aspretis
363 1069 447 1133 Νοοί
464 1070 541 1134 Τιιι.
556 1076 643 1156 part.
661 1063 706 1133 II.
721 1068 833 1154 capii.
849 1074 872 1151 5.
890 1072 935 1152 a.)
953 1068 1015 1131 “in
1029 1068 1263 1134 dubitationem

211 1179 231 1207 ‘⁸
246 1171 333 1235 haud
354 1169 474 1236 laribus
496 1171 662 1236 decausis
687 1171 859 1236 adducitur
878 1194 900 1236 a
922 1171 1094 1258 Scaligero‚
1118 1169 1263 1246 Petavio,

212 1281 232 1310 “
247 1273 460 1350 Tillemontio,
486 1281 520 1337 et
548 1293 650 1358 nuper
673 1274 823 1339 Garbello
845 1274 879 1338 in
903 1275 1081 1360 Prolcgom.
1109 1275 1262 1360 Evangei

212 1387 232 1409 ⁴¹
250 1375 381 1441 Blanch.
399 1399 430 1462 p.
444 1396 497 1456 42.
513 1376 545 1440 id
571 1375 756 1460 opusculum
777 1396 816 1441 ac
833 1377 1052 1442 testimonium
1070 1377 1200 1464 juniori,
1222 1377 1263 1440 dc

213 1489 233 1512 “
249 1480 354 1544 seculo
376 1485 479 1555 sexto,
503 1481 603 1544 Petro
629 1478 872 1544 tribuentibus.”
924 1474 975 1544 De
998 1481 1088 1545 Petri
1112 1480 1264 1544 Diatriba

211 1587 348 1647 tantum.

255 1684 308 1748 Ad
323 1684 392 1749 haeo
406 1684 439 1748 in
453 1683 628 1748 «Iustiniani
648 1683 703 1748 illa
722 1684 763 1749 ad
784 1683 939 1750 Mennam
963 1684 1115 1770 Epistola,
1135 1705 1175 1749 cx
1198 1705 1263 1768 qua

211 1789 275 1852 dno
288 1787 469 1871 fragmenta
478 1786 604 1850 Priene
617 1786 655 1850 dc
667 1786 782 1850 Ατιίυια
793 1788 946 1852 Βαταναία
959 1806 1056 1874 supra
1070 1787 1264 1872 deprompsi,

211 1897 302 1955 extat
327 1895 485 1976 practerea
508 1889 572 1952 alia
597 1890 742 1973 quoedam
767 1893 852 1972 ῥῆσις
877 1913 916 1955 ex
946 1891 1086 1977 ejusdem
1113 1889 1146 1954 S.
1173 1888 1262 1954 Petri

211 1992 415 2076 Μμιδαρορία,
431 2013 500 2075 quae
515 1990 641 2068 dicitur,
657 1999 796 2076 sumpta.
839 1998 903 2057 Τοῦ
918 1994 1009 2058 αὐτοῦ
1025 1993 1147 2077 (Petri)
1164 1994 1263 2070 ἕντῆς

213 2095 445 2175 Μυσταγιογίας,
468 2093 503 2172 ἧς
526 2093 687 2173 ἐποιήσατο
706 2095 779 2176 πρδς
800 2095 855 2174 τὴν
877 2097 1048 2176 ἐκκλησίαν,
1068 2096 1191 2175 μέλλων
1210 2095 1264 2157 τὸν

210 2202 262 2260 τοῦ
282 2199 441 2278 μαρτυρίου
462 2197 616 2278 στέφανον
638 2196 848 2281 ἀναδέχεσθαι.
894 2201 955 2262 uu
976 2203 1062 2262 τοῦτο
1087 2203 1259 2280 παρακαλῶ,

210 2303 391 2380 γρηγορεῖτε,
418 2299 464 2362 ὅτι
489 2301 531 2365 είς
557 2301 666 2378 θλίψιν
692 2299 786 2363 πάλιν
813 2300 944 2379 μέλλετε
973 2303 1134 2365 εἰσελθεῖν.
1164 2303 1263 2363 οίδατε

210 2403 322 2467 πόσους
348 2401 499 2468 κινδύνους
522 2400 681 2480 ὑπέμεινεν
705 2403 722 2464 δ
748 2402 923 2483 ἀναθρέψαι
948 2427 986 2481 με
1012 2401 1108 2483 πατήρ
1131 2427 1188 2481 μου
1215 2402 1261 2463 καί

211 2505 372 2570 ἐπίσκοπος
392 2509 516 2571 Θεῶνας
538 2504 597 2568 δπδ
614 2509 673 2568 τῶν
690 2504 878 2584 μαινομένων
897 2507 938 2571 είς
956 2506 994 2567 τδ
1016 2508 1135 2577 εἴδωλα,
1156 2503 1191 2566 οδ
1214 2503 1261 2564 καὶ

210 2606 264 2673 τδυ
279 2610 387 2689 θρόνον
401 2608 586 2689 διαδεξάμην,
603 2610 665 2671 είθε
679 2610 711 2671 δὲ
727 2608 775 2671 καὶ
794 2608 849 2671 τὸν
868 2609 989 2688 τρόπον.
1012 2607 1051 2672 ὡς
1066 2606 1137 2686 (for.
1153 2605 1258 2685 ὅσους)

211 2710 243 2771 δὲ
259 2710 306 2773 καὶ
316 2711 332 2772 δ
343 2710 437 2792 μέγας
447 2712 606 2776 Διονύσιος
618 2710 891 2790 κατακρυπτόμενοι
905 2710 964 2772 ἀπδ
978 2708 1077 2771 τόπων
1092 2709 1135 2773 εἱς
1144 2708 1260 2781 τόπους,

211 2811 283 2891 πρὸς
298 2812 389 2896 τούτῳ
404 2812 452 2875 καί
467 2812 641 2891 Σαβελλίον
657 2813 825 2890 θλίβοντος.
852 2813 883 2874 τί
897 2814 930 2874 di
950 2813 1022 2875 εἴπω
1035 2808 1192 2891 Ἠρακλᾶν
1214 2810 1262 2872 καί

212 2912 380 2993 Δημήτριον
405 2912 473 2980 τοὺς
496 2915 655 2995 μακαρίους
678 2915 866 2986 ἐπισκόπους,
890 2915 969 2980 οίουι
990 2912 1171 2993 πειρασμαδς
1190 2912 1261 2974 θαέ-

211 3039 327 3092 ατησαν
341 3015 399 3079 tet
414 3020 466 3079 τοῦ
479 3015 626 3095 μανέντας
638 3012 825 3096 Ὠριγένους,
842 3016 890 3078 καὶ
905 3016 994 3079 αὐτοῦ
1007 3017 1162 3098 σχίσματα
1181 3022 1260 3093 βαλ-

210 3117 318 3184 λθντος
332 3119 415 3197 ἔντῇ
432 3118 585 3202 ἐκκλησίᾳ,
601 3120 638 3180 τδ
653 3118 708 3183 έιος
722 3117 854 3198 σήμερον
865 3120 998 3200 ταραχὰς
1009 3118 1081 3196 αὐτῇ
1094 3119 1260 3198 ἐγείραντα.

212 3216 292 3285 Haec
305 3240 380 3284 vero
394 3241 465 3283 cum
480 3220 660 3304 suspicatus
674 3242 776 3284 essem
795 3241 837 3283 cx
850 3219 939 3283 Actis
953 3218 1110 3301 Ματιγτίί
1127 3219 1160 3279 θ.
1173 3218 1263 3279 Petri

210 3320 370 3406 descripta
391 3322 494 3399 fuisse,
514 3323 709 3395 cadomum,
730 3322 786 3385 sed
806 3320 948 3385 nonnihil
970 3320 1151 3393 immutata.
1173 3319 1260 3405 apud

210 3419 337 3485 Surium
351 3422 455 3487 inveni
475 3423 507 3486 in
525 3430 614 3487 tomo
634 3424 673 3488 vi.
698 3426 879 3487 θααοίοιιυα
898 3424 981 3486 Hiar.
999 3423 1042 3487 ad
1059 3440 1111 3507 25.
1128 3420 1263 3485 Novem-

210 3522 286 3601 bris,
305 3547 337 3610 p.
359 3541 435 3610 579.
457 3526 506 3590 ed.
530 3526 638 3591 Goion.
685 3526 843 3589 Actorum
868 3546 943 3590 vero
966 3522 1010 3588 ibi
1036 3524 1262 3587 collocatorum

210 3624 304 3688 fidem
326 3646 429 3700 nemo,
446 3627 567 3712 opinor,
584 3628 633 3691 his
654 3628 781 3712 quidem
802 3626 1000 3713 temporibus
1018 3626 1050 3688 in
1069 3647 1104 3689 se
1117 3625 1260 3710 recipiet.

211 3726 248 3789 ln
271 3726 332 3791 iilis
358 3750 483 3814 quoque
511 3730 605 3794 Actis
630 3738 741 3793 extare
760 3730 792 3792 in
815 3752 889 3814 pag.
911 3730 986 3814 578.
1008 3727 1103 3792 aliam
1126 3728 1160 3792 S.
1172 3728 1262 3792 Petri

208 3832 294 3910 ῥῆσιν
309 3830 512 3914 deprehendi,
526 3852 621 3916 quem
636 3831 748 3895 attulit
761 3831 954 3896 Anastasius
966 3829 1091 3895 Sinaita
1099 3830 1132 3894 in
1141 3830 1262 3915 Ηοιίιρο

209 3952 277 4007 suo,
293 3930 358 3996 sive
381 3932 448 3996 Vico
460 3934 548 3997 Duce
562 3933 705 3997 αθοοτιυι
719 3932 896 4016 Aequales,
906 3956 937 4017 p.
952 3953 1022 4018 134.
1032 3932 1082 3996 ed.
1099 3932 1261 4007 Grotseri;

207 4031 332 4113 Ἀρεῖος,
350 4035 398 4098 καὶ
413 4037 501 4121 ἐντῷ
517 4042 571 4100 νῢν
586 4038 678 4109 αἰῶνι,
696 4037 744 4099 καὶ
759 4036 793 4099 έν
813 4040 853 4121 τῷ
870 4035 1026 4113 μέλλοντι,
1043 4033 1261 4117 κεχωρισμένος

209 4134 294 4199 ἔσται
311 4141 363 4199 τοῦ
383 4138 449 4200 υἱοῦ
468 4142 520 4201 τοῦ
540 4142 633 4203 Θεοῦ.
681 4135 733 4201 Sic
755 4137 839 4201 enim
862 4136 894 4199 in
916 4135 1005 4198 Actio
1025 4134 1110 4219 apud
1133 4134 1261 4198 Surium

208 4235 292 4299 idem
314 4236 454 4322 positum
476 4246 535 4311 cst,
554 4238 620 4303 Hic
640 4248 741 4302 autem
760 4238 887 4313 Amica,
903 4258 966 4321 pro
987 4258 1044 4321 quc
1065 4236 1189 4321 τοραιίι,
1206 4235 1263 4298 soli

207 4337 275 4401 Deo
288 4348 422 4403 mortum
438 4349 487 4417 at,
503 4350 531 4405 et
545 4341 660 4423 ascero
680 4340 765 4405 ι’ῐίτύι
781 4340 831 4403 δίο
848 4350 876 4404 ct
894 4339 928 4401 ι’τι
937 4340 1050 4421 saturo
1068 4337 1175 4402 socan
1186 4358 1261 4421 pro-

252 4462 317 4502 νοτ..
335 4463 376 4504 ιν.
725 4467 748 4504 u
