3242 5150
410 425 660 490 APOLOGIA
684 425 776 491 PRO
798 427 1027 492 ORIGENE.
1179 431 1243 500 879

242 595 435 658 Psoromuos.
452 596 515 660 Sed
529 602 563 660 et
576 595 610 660 in
625 595 830 680 sequentibus
844 617 968 660 rursum
983 597 1024 661 do
1040 603 1244 683 peoootorum

198 703 301 790 poenis
315 705 376 768 boo
389 706 485 769 modo
499 705 620 772 scribit.

242 816 407 883 Omuunm.
429 816 539 881 Multo
553 816 935 901 suut-perdidomuti
957 891 960 896 Ι

242 929 437 991 Plurnrsos.
462 927 548 991 Item
561 931 636 1010 post
649 947 752 1011 pouoa
766 927 891 992 addidit
906 927 1004 994 etiam
1018 928 1097 992 haeo.

242 1037 404 1101 Omounns.
431 1036 765 1116 Qreomne-Juda

242 1149 437 1214 Pmmros.
459 1147 540 1212 Haeo
555 1147 682 1232 quidem
696 1171 735 1213 ex
749 1149 839 1214 libris
852 1152 920 1232 περὶ
934 1150 1045 1235 ἀρχῶν.

244 1257 493 1321 Innumerabilia
511 1279 588 1321 vero
604 1257 747 1343 dispersa
770 1265 846 1323 sunt
864 1281 921 1344 por
935 1281 1044 1324 omnes
1062 1259 1159 1324 libros
1177 1259 1246 1346 ejus

198 1368 384 1432 assertionis
408 1368 503 1452 hujus
531 1368 723 1446 testimonia,
754 1391 825 1453 quae
854 1391 912 1433 nos
944 1369 1050 1434 studio
1079 1370 1247 1436 brevitatis

199 1477 388 1554 omittimus,
417 1485 701 1543 oommemorantes
730 1479 771 1542 de
798 1478 847 1542 his
876 1478 1084 1557 solummodo,
1115 1501 1185 1565 quse
1213 1480 1247 1544 iu

200 1594 292 1651 sexto
307 1586 436 1650 Psalmo
450 1587 491 1651 de
505 1587 566 1651 hoo
581 1588 650 1673 ipso
665 1609 831 1672 poenarum
845 1610 960 1673 genero
975 1589 1159 1674 disputavit.

244 1697 409 1760 Oaronrrrs.
429 1696 577 1762 Penthile
590 1707 874 1762 ost—tomento.

245 1808 439 1870 Panormus.
463 1807 613 1872 Suffioere
634 1806 775 1872 arbitror
795 1809 894 1874 etiam
916 1809 959 1872 ad
984 1809 1077 1894 hujus
1099 1809 1245 1874 erimina-

200 1917 297 1982 tionis
320 1917 510 1982 calumniam
533 1917 780 2002 propulsandam
801 1939 904 2002 pauoa
923 1918 992 1983 haeo
1011 1920 1051 1983 de
1071 1920 1138 2005 ejus
1160 1920 1249 1984 libris

200 2028 386 2093 testimonia
410 2027 591 2114 protulisse,
614 2050 685 2112 quae
713 2026 879 2093 innumera
904 2029 1038 2114 sparsim
1066 2052 1124 2115 per
1151 2030 1249 2095 libros

201 2137 269 2223 ejus
284 2137 487 2203 manifestum
504 2145 554 2202 est
569 2137 732 2203 oontineri.
777 2138 870 2203 Nune
889 2141 932 2203 ud
949 2161 988 2204 ea
1003 2141 1101 2204 etiam
1119 2162 1177 2225 per
1191 2163 1249 2206 nos

200 2247 286 2333 ipsos
300 2248 568 2333 respondebimus,
579 2270 649 2333 quae
664 2247 693 2312 ei
708 2249 748 2312 de
762 2249 870 2314 anima
884 2249 1046 2335 objioiunt,
1057 2250 1089 2314 id
1105 2253 1249 2336 estquod

201 2365 278 2421 ante
299 2379 414 2440 eorpus
435 2379 506 2421 eam
525 2357 645 2422 saetam
664 2358 752 2423 dieat
770 2359 933 2424 exsistere.
978 2359 1088 2424 Soiens
1113 2383 1250 2448 namque

201 2467 299 2531 etiam
323 2467 409 2531 istud
424 2467 541 2552 dogma
555 2468 595 2531 de
615 2467 723 2531 anima
745 2488 809 2531 non
829 2475 941 2554 aperte
960 2491 1062 2554 noque
1083 2469 1250 2535 manifesto

201 2578 312 2642 baberi
327 2577 360 2641 in
376 2577 600 2641 Ecclesiastioe
614 2576 851 2662 praedieatione,
868 2578 966 2641 sioubi
982 2578 1178 2643 oeousionem
1192 2580 1250 2644 ali-

203 2708 299 2771 quam
309 2686 356 2750 vel
367 2685 600 2770 *suspieiouem
612 2686 720 2774 potius
728 2686 912 2772 disputandi
922 2686 951 2750 ei
963 2688 1136 2773 Soripturae
1148 2712 1252 2755 sermo

202 2795 370 2880 suggessit,
386 2794 559 2859 disentiens
580 2803 614 2859 et
632 2801 835 2882 pertractans
849 2818 888 2859 ea
907 2817 977 2880 quae
998 2797 1103 2861 sensui
1118 2799 1186 2883 ejus
1201 2820 1252 2863 oo-

203 2911 378 2982 ourrerant,
406 2904 613 2970 discernenda
637 2905 706 2969 haeo
734 2904 912 2991 legentibus
941 2906 1089 2991 exposuit
1118 2915 1153 2972 et
1177 2930 1252 2994 pro·

203 3013 320 3091 banda,
344 3036 408 3078 non
431 3013 600 3078 manifesto
621 3016 781 3101 dogmate,
797 3015 846 3079 vel
870 3015 1105 3101 Soripturarum
1126 3023 1251 3082 senten·

201 3123 282 3188 tiam
297 3146 387 3189 suam
402 3124 596 3189 auctoritate
607 3124 772 3203 definiens,
783 3125 966 3211 frequentor
977 3131 1010 3189 et
1021 3125 1097 3190 illud
1111 3128 1250 3193 addens:

203 3232 273 3297 “Si
298 3239 407 3298 tamen
436 3232 555 3298 habore
580 3234 707 3299 videtur
733 3244 791 3299 aut
816 3235 972 3321 probatur
999 3236 1118 3322 aliquid
1143 3260 1252 3303 oonse·

204 3348 225 3381 “
241 3342 378 3427 quentiae
393 3364 497 3407 sermo
511 3342 550 3421 is,
566 3365 659 3428 quem
673 3344 713 3408 de
727 3344 835 3409 anima
849 3346 1086 3411 eraserimus?

246 3453 393 3538 Denique
412 3453 447 3517 in
472 3459 542 3518 tam
562 3454 671 3519 multis
694 3461 815 3520 ettam
833 3454 965 3520 divorsis
984 3458 1052 3542 ejus
1072 3456 1161 3521 libris
1180 3479 1253 3523 nus-

204 3584 300 3647 quam
315 3562 442 3627 omnino
464 3562 623 3628 invenitur
641 3562 683 3628 ob
697 3586 736 3628 eo
757 3563 839 3629 liber
852 3565 979 3650 proprie
999 3565 1038 3629 de
1058 3565 1165 3631 anima
1180 3588 1254 3631 oon-

203 3672 351 3758 soriptus,
366 3673 448 3737 siout
462 3672 561 3737 habet
576 3672 655 3750 †vel
669 3673 709 3737 de
724 3672 898 3757 Martyrio,
907 3673 954 3738 vel
970 3674 1010 3738 de
1020 3674 1188 3754 Oratione,
1202 3678 1251 3742 vol

204 3784 243 3847 de
268 3782 522 3848 Resurrectioue.
567 3782 733 3867 Nusquam
759 3804 888 3869 prorsus
918 3783 1035 3848 librum
1060 3786 1187 3871 proprie
1212 3788 1252 3853 de

204 3890 324 3956 Anima
337 3892 490 3978 seriptum
506 3892 625 3967 edidit;
645 3892 749 3958 sedin
764 3893 896 3959 diversis
910 3894 996 3972 loeis,
1013 3895 1096 3961 siout
1110 3899 1252 3983 superius

203 4000 351 4079 diximus,
380 4003 576 4068 incurrentes
605 4003 666 4068 sibi
695 4004 859 4090 opiniones
892 4026 932 4068 ex
961 4003 1134 4091 Scripturas
1163 4029 1252 4073 eoos

204 4110 344 4175 sionibus
358 4112 552 4178 disserebat:
576 4115 661 4199 quod
677 4114 784 4202 potius
799 4113 956 4199 ssmuximi
971 4114 1051 4201 signi
1065 4117 1250 4182 reverentiae

230 4305 246 4333 ·
260 4302 304 4366 (on
314 4302 501 4365 suppositionem
509 4304 531 4366 Ρ)
621 4305 641 4359 †
656 4304 702 4366 (lii
711 4303 766 4353 libri
778 4304 893 4369 Origsnls
901 4308 931 4356 de
938 4306 1091 4373 Martyrloet
1099 4310 1130 4357 de
1136 4306 1253 4357 Oratione

203 4385 283 4452 adhuc
290 4390 438 4449 supersunt.)
664 4386 678 4441 Ξ
692 4386 755 4449 (sor.
766 4387 872 4436 maximo
883 4388 962 4451 signo)

676 4492 763 4557 302
