3242 5150
266 392 452 457 CONCIL.
474 394 897 460 NEOCAESARIENSIS
919 396 1150 461 CANONES.
1181 397 1245 460 183

596 573 779 647 ΚΑΝΩΝ
808 567 855 660 ς’.

258 702 348 801 Περὶ
366 700 625 807 κυοφοροθσης,
644 701 699 780 ὅτι
717 707 772 782 δεῖ
786 702 1014 808 φωτιζεσθαι,
1028 702 1136 782 ὁπότε
1153 702 1243 797 βοθ-

202 844 315 912 λεται.
342 832 442 912 οὐδὲν
471 833 543 936 γὰρ
569 835 746 944 ἐντούτῳ
774 838 975 936 κοινωνεῖὴ
1003 839 1175 917 τίκτουσα
1196 843 1249 944 τῷ

202 968 401 1075 τικτομένῳ
432 969 490 1048 διὰ
507 968 549 1048 τὸ
574 971 729 1052 ἑκιίστου
753 973 845 1052 ίδίαν
867 970 933 1070 τὴν
956 973 1165 1076 προαίρεσιν
1182 971 1248 1071 τὴν

175 1105 260 1184 Se'rri
277 1109 323 1208 τῇ
342 1105 518 1210 ὁμολογίᾳ
535 1106 748 1186 δείκνυσθαι.

600 1329 783 1404 ΚΑΝΩΝ
813 1329 855 1403 Z.

262 1459 516 1564 Πρεσβύτερον
529 1466 576 1543 είς
587 1460 723 1562 γάμους
735 1463 967 1561 διγαμοῦντος
981 1458 1031 1559 μὴ
1045 1461 1248 1539 ἑστιᾶσθαι.

206 1597 280 1676 ἐπεὶ
305 1595 493 1693 μετάνοιαν
520 1601 700 1678 αἰτοῦντος
729 1604 793 1674 τοῦ
826 1593 991 1697 διγάμου,
1015 1597 1068 1679 τίς
1097 1595 1199 1674 ἔσται
1231 1595 1251 1671 ὁ

206 1729 459 1832 πρεσβύτερος,
478 1733 498 1808 ὁ
517 1728 575 1809 διὰ
592 1734 656 1829 τῆς
684 1729 882 1814 ε’στιᾶσεως
910 1729 1254 1834 συγκατατιθέμενος

164 1870 281 1946 ιοτοῖς
299 1863 426 1964 γάμοις
442 1898 453 1960 ;

603 1979 786 2054 ΚΑΝΩΝ
816 1979 864 2054 Η.

265 2103 360 2204 Γυνή
378 2139 472 2190 τινος
490 2114 721 2211 μοιχευθεῖσα
740 2116 866 2188 λαῖκοῦ
889 2108 989 2192 ὄντος
1015 2106 1076 2188 ἐὰν
1100 2111 1256 2213 ἐλεγχθῇ

210 2246 381 2347 φανερῶς,
401 2243 420 2319 ὁ
438 2251 596 2327 τοιοῦτος
613 2250 661 2326 είς
679 2246 877 2346 ὼηγρεσίαν
894 2247 1011 2324 ἐλθεῖν
1029 2245 1071 2322 οὐ
1094 2242 1252 2323 δύναται.

210 2374 271 2455 ἐὰν
300 2374 338 2455 δὲ
363 2380 420 2456 καὶ
453 2376 543 2475 μετὰ
573 2376 641 2476 τὴν
666 2381 883 2482 χειροτονίαν
910 2384 1092 2483 μοιχευθῇ,
1120 2379 1255 2482 ὀφείλει

165 2529 201 2593 15
211 2515 393 2593 ἀπολῦσαι
412 2511 533 2612 αὐτήν.
563 2510 624 2592 ε’ἃν
642 2511 680 2591 δὲ
697 2511 801 2617 συζῇ,
816 2516 858 2593 οὐ
871 2514 1017 2593 δύναται
1035 2513 1181 2618 ἔχεσθαι
1193 2515 1257 2610 τῆς

212 2648 493 2751 ἐγχειρισθείσης
510 2648 606 2752 αὐτῷ
622 2648 825 2749 ὑπηρεσίας.

605 2859 789 2934 ΚΑΝΩΝ
819 2861 867 2934 Θ.

270 2988 533 3093 Πρεσβύτερος,
548 2987 610 3068 ἐὰν
623 2990 906 3094 προημαρτηκὼς
920 2989 1062 3089 σώματι
1075 2992 1257 3092 προαχθῇ,

346 3244 496 3303 CANON
518 3245 574 3305 VI.
879 3246 1030 3305 cANON
1052 3244 1144 3304 VIII.

169 3342 207 3381 ²0
257 3340 412 3399 Gravidam
435 3351 552 3435 oportet
571 3342 712 3419 baptizari
802 3342 912 3401 Mulier
926 3342 1077 3419 cujusdem
1096 3341 1261 3400 adulterato

216 3420 331 3498 quondo
352 3420 487 3480 voluerit.
529 3420 615 3479 Nihil
635 3422 711 3480 enim
762 3423 829 3483 laici
843 3423 1005 3490 constituti,
1020 3422 1044 3480 si
1055 3421 1205 3480 evidenter
1215 3440 1260 3479 ur·

216 3502 245 3557 iu
260 3500 315 3559 hoc
328 3500 480 3578 quoeporit
493 3502 621 3559 nascenti
634 3522 710 3559 com·
761 3517 877 3580 guntur,
906 3500 973 3560 telis
1000 3500 1037 3559 ud
1066 3502 1260 3559 ministerium

216 3580 354 3650 municet,
364 3592 517 3659 propterea
525 3579 603 3657 quod
613 3581 712 3639 uuiue·
763 3582 1006 3641 cleriveuireuou
1018 3581 1136 3659 poterit.
1150 3581 1183 3638 Si
1192 3598 1262 3638 vero

216 3661 356 3737 cujusque
377 3680 461 3719 suum
483 3661 663 3739 propositum
682 3661 712 3718 in
762 3672 829 3740 post
857 3660 1068 3719 ordinationem
1098 3660 1263 3719 adulterato

164 3755 183 3793 2
187 3750 205 3811 5
216 3740 395 3799 confessione
409 3739 582 3799 declaretur.
762 3742 862 3807 fuerit,
876 3740 1024 3798 dimittere
1037 3760 1100 3798 eom
1114 3740 1260 3798 convenit.

348 3853 499 3911 CANON
517 3852 581 3912 VH
765 3820 855 3891 Quod
877 3821 901 3879 si
925 3839 991 3877 cum
1013 3820 1064 3878 illo
1091 3819 1263 3884 convixerit,

584 3897 590 3910 '
764 3900 958 3959 ministerium
994 3899 1049 3959 sibi
1078 3900 1262 3958 commiscum

257 3947 441 4027 Presbyteris
454 3949 484 4007 iu
506 3948 618 4027 nuptiis
636 3949 714 4041 biga·
765 3979 898 4040 obtinere
912 4000 970 4037 non
985 3979 1102 4060 poterit,

217 4026 258 4084 mi
290 4027 432 4106 prandere
464 4048 523 4086 uou
558 4040 712 4086 convenit:

216 4108 285 4183 quie
303 4127 370 4166 cum
391 4108 564 4185 poeuitentia
584 4108 715 4185 bigamus
896 4092 1049 4151 CANON
1072 4092 1130 4150 IX·

164 4197 312 4271 30egeot,
327 4187 392 4263 quie
409 4188 465 4245 erit
484 4187 644 4265 presbyter,
664 4188 714 4264 qui
809 4188 966 4282 Presbyter
995 4187 1019 4245 ui
1047 4197 1265 4265 preoccupatus

216 4277 337 4345 propter
348 4267 512 4324 convivium
522 4266 629 4325 talibus
643 4288 717 4345 nup·
767 4267 908 4345 corporah
931 4277 1049 4345 peccato
1076 4266 1263 4402 provehatur,

217 4344 268 4403 tiis
278 4346 370 4424 posuit
380 4348 508 4425 prebere
523 4347 715 4405 consensum?
767 4358 796 4404 et
811 4348 960 4406 confessus
975 4346 1064 4404 fuerit
1098 4365 1115 4401 e
1131 4365 1171 4412 se,
1186 4343 1264 4420 quod
