3242 5150
358 386 401 451 62
703 385 1056 453 ANNOTATIONES

358 555 428 622 ἀλλ’
454 559 523 641 οὐχὶ
547 580 587 623 ex
614 558 737 643 seriptis
766 557 923 622 nonnullis
951 557 1130 621 Βοάῐοίαπτζς
1158 556 1288 642 sumpsi.
1332 555 1408 620 ,lam

358 660 464 725 firmat
478 659 560 724 hone
575 660 741 725 lectionem
758 660 934 724 Pedalium.

403 763 439 826 P.
450 782 504 847 33.
517 763 538 827 l.
552 785 598 842 14.
609 764 669 827 ἀπὸ
681 765 781 826 τόπων
792 765 834 829 εἰς
842 762 962 848 τόπους]
974 762 1066 825 Εάἰδὶ
1076 761 1136 825 ἀπὸ
1148 762 1241 825 τόπου
1252 764 1296 828 εἷς
1305 765 1409 827 τόπον.

358 863 422 928 Sed
448 865 582 930 slleram
609 871 766 952 pressione
791 864 958 928 lectionem
983 873 1114 950 quatuor
1142 863 1227 927 οοάἀ.
1254 864 1346 928 Bodl.
1374 873 1408 928 el

357 968 430 1031 MS.
450 967 571 1031 Ooislin.
589 967 664 1053 quin
680 967 808 1032 elalius
823 967 914 1030 codes
926 966 1017 1030 Bodl.
1039 967 1107 1048 196.
1123 968 1232 1033 τόπους
1246 989 1304 1050 pro
1317 970 1408 1030 τόπον

357 1069 464 1146 habel,
481 1069 594 1154 illeque
607 1088 680 1152 205.
696 1070 755 1132 δπδ
771 1072 872 1132 τόπων
887 1071 929 1135 εἶς
942 1071 1042 1132 τόπον
1056 1067 1142 1152 (sio).
1189 1068 1407 1142 Adslidissenn

358 1172 489 1236 Petrum
506 1171 609 1256 ipsum
629 1171 674 1236 sio
694 1171 835 1234 loentum
850 1192 919 1234 esse
936 1170 969 1233 in
991 1170 1197 1256 Fragmento‚
1216 1170 1242 1232 si
1265 1170 1404 1233 Alexan-

356 1274 438 1337 drini
454 1273 597 1358 praesnlis
619 1275 706 1355 ῥῆσιν
720 1294 789 1337 esse
805 1272 953 1336 ducerem
976 1272 1165 1357 particulam
1183 1272 1268 1336 illam
1290 1273 1406 1356 Mysiae

352 1377 448 1462 ρορόσ
465 1378 564 1440 Petne
579 1374 771 1460 adseriptae;
795 1376 835 1441 ὡς
851 1373 927 1458 (leg.
943 1376 1046 1456 ὅσους)
1064 1376 1096 1437 δὲ
1118 1376 1166 1438 καὶ
1189 1376 1205 1436 ὀ
1226 1373 1321 1455 μέγας
1337 1382 1407 1437 Διο-

357 1480 460 1544 νύσιος
487 1477 614 1559 (Alex.)
643 1478 916 1558 κατακρυπτόμενος
939 1476 998 1539 ἀπὸ
1024 1478 1123 1542 τόπων
1150 1479 1192 1543 εἰς
1217 1479 1325 1542 τόπους
1349 1478 1407 1541 διο.

361 1580 522 1644 onustior.
538 1588 616 1644 tom.
626 1602 654 1643 v.
672 1580 722 1643 ed.
736 1579 841 1642 Labb.
858 1601 890 1664 p.
901 1583 974 1660 652.

401 1681 483 1746 Ibid.
499 1682 518 1744 l.
534 1685 581 1745 16.
598 1683 645 1746 καὶ
660 1681 746 1766 ὅταν]
769 1683 807 1744 ln
823 1681 913 1744 edilis
927 1683 975 1743 καὶ
997 1682 1077 1753 ὅθεν,
1094 1680 1150 1744 sed
1165 1682 1247 1758 ὅταν,
1263 1689 1300 1746 ut
1316 1689 1407 1746 nola·

356 1783 402 1849 vit
417 1783 455 1847 el.
472 1783 668 1856 Gellandins,
680 1783 712 1846 in
725 1781 880 1846 Bernerdi
893 1780 988 1845 Nonii
1000 1781 1158 1846 senatoris
1166 1781 1285 1846 Veneti
1297 1783 1406 1858 οοθδνο,

355 1894 454 1969 etque
483 1885 516 1948 in
542 1893 622 1949 toste
650 1887 684 1949 S.
700 1884 855 1961 Μαθδωό,
879 1884 1006 1969 legitur.
1052 1884 1140 1947 Idem
1168 1885 1247 1949 dant
1277 1886 1408 1970 maioque

356 1987 440 2052 codd.
477 1987 644 2051 Bodleian
667 1994 700 2052 el
722 1989 797 2052 MS.
825 1987 949 2050 Coelio.
974 2007 1046 2050 enm
1074 1987 1303 2071 OEeehsmpadii
1325 1989 1406 2051 Her-

357 2091 478 2174 oolique
504 2088 699 2154 Versioeilee.
745 2091 858 2153 Habet
882 2090 930 2152 καὶ
952 2092 1149 2174 insulsaque
1173 2089 1292 2174 Syleos
1317 2091 1407 2154 Gree-

357 2213 477 2256 eorum.

400 2294 481 2358 Ibid.
508 2296 543 2358 έν
564 2298 600 2380 τῇ
622 2297 710 2358 πόλει
734 2295 838 2377 ταύτῃ]
863 2294 914 2357 Sic
938 2315 995 2378 pro
1019 2293 1138 2377 ουίρσέο
1163 2295 1196 2357 lx
1220 2298 1271 2372 τῆς
1291 2293 1407 2363 πόλεως

355 2398 460 2478 ταύτης
481 2419 532 2462 see
553 2397 720 2462 Bodleian·
735 2405 768 2461 el
791 2418 869 2459 υυυς
886 2394 1010 2459 coislin.
1033 2395 1116 2459 idem
1140 2416 1207 2481 pree
1228 2418 1263 2459 se
1285 2395 1406 2460 ferente

355 2499 520 2587 Εοααροδὶἱ
535 2509 625 2564 temo.

398 2604 435 2668 P.
448 2624 500 2689 34.
516 2603 536 2667 l.
555 2624 577 2668 1.
593 2606 673 2671 ὅπως
686 2603 727 2684 μὴ
742 2605 790 2667 καὶ
800 2600 951 2666 πλειόνων
964 2602 1101 2666 θανάτων
1115 2603 1185 2686 &o.]
1205 2602 1349 2665 Zonaras
1363 2601 1405 2664 ad

355 2710 477 2772 Cenon.
497 2708 566 2771 Ill.
591 2706 754 2791 Aneyram
778 2704 927 2769 Oenoilit':
956 2705 1059 2785 Νόμος
1080 2705 1248 2787 μαρτυρίου,
1272 2705 1367 2785 φησὶν
1389 2707 1405 2767 ό

353 2810 448 2892 μέγας
470 2812 504 2873 έν
527 2811 670 2893 θεολογίᾳ
692 2805 864 2890 Γρηγόριος,
885 2807 958 2886 μήτε
982 2807 1143 2874 ἐθέλοντας
1165 2809 1207 2875 εἷς
1228 2809 1281 2872 τὸν
1303 2808 1406 2888 ἀγῶνα

354 2918 473 2995 χωρεῖν,
490 2916 592 2992 φειδοῖ
603 2917 662 2973 τῶν
679 2910 853 2988 διωκόντων,
870 2912 916 2974 καὶ
931 2916 990 2973 τῶν
1005 2912 1242 2991 ἀσθενεστέρων.

399 3013 479 3077 Ibid.
496 3012 552 3075 l.8.
565 3014 667 3095 ἀχθεὶς
679 3013 713 3075 έν
722 3016 760 3095 τῷ
773 3012 929 3097 συνεδρίῳ]
943 3012 1044 3075 Velim
1054 3011 1227 3075 rescribere
1237 3013 1280 3077 εἰς
1290 3011 1324 3074 τὸ
1337 3036 1407 3073 συν-

355 3116 461 3195 έδριον,
479 3114 561 3199 quod
573 3114 671 3178 habet
682 3115 779 3178 Sacer
794 3123 914 3188 textus,
929 3116 978 3177 καὶ
992 3114 1108 3195 ἤγαγον
1124 3116 1165 3181 εἰς
1179 3114 1213 3176 τὸ
1229 3112 1394 3192 συνέδριον.

400 3215 482 3279 Ibid.
498 3215 518 3279 l.
537 3233 583 3278 ιν.
597 3217 613 3277 δ
625 3214 779 3294 πρόκριτος
790 3221 850 3278 τῶν
865 3212 1045 3278 ἀποστόλων
1058 3213 1188 3299 Πέτρος]
1207 3213 1260 3277 Im
1274 3221 1406 3298 peslero

354 3325 496 3403 tompore
514 3317 670 3402 Didymus
686 3338 810 3401 quoque
826 3316 1065 3380 Alexandrinus
1084 3315 1115 3378 in
1132 3317 1236 3401 Opere
1257 3315 1342 3380 haud
1358 3316 1407 3381 ita

353 3419 475 3503 pridem
498 3442 515 3483 e
539 3419 666 3504 seriptis
689 3419 784 3495 edito,
801 3420 851 3483 De
877 3419 1039 3493 minitata,
1061 3418 1113 3481 lib.
1127 3419 1158 3482 ii.
1179 3440 1249 3503 ουρ.
1266 3420 1314 3481 18.
1331 3441 1406 3504 pag.

355 3524 427 3607 283.
474 3522 589 3602 Πέτρος
603 3525 620 3585 ό
635 3521 790 3603 πρόκριτος
804 3528 863 3585 τῶν
879 3519 1068 3584 ἀποστόλων.
1095 3521 1166 3585 Vid.
1176 3528 1210 3585 el
1222 3520 1274 3584 lib.
1286 3521 1317 3584 ii.
1334 3544 1404 3607 cap.

353 3645 384 3685 x.
406 3646 437 3708 p.
447 3642 521 3708 331·
570 3624 749 3689 Athanasio
774 3644 899 3708 quoque
925 3622 1042 3686 Petrus
1066 3626 1082 3684 ὁ
1111 3630 1271 3704 κορυφαῖος
1296 3630 1346 3688 est
1371 3624 1405 3688 in

354 3724 550 3809 Fragmento
567 3727 723 3790 Commeat.
734 3727 768 3789 in
780 3724 899 3789 Psolm.
911 3747 959 3788 xv.
970 3746 1084 3787 eornm.
1098 3744 1129 3809 3.
1161 3727 1329 3801 Attamen,
1344 3725 1404 3789 nisi

352 3826 377 3890 si
404 3826 436 3889 in
462 3829 596 3892 eundem
622 3850 748 3892 sensum
773 3827 971 3911 accipiantur
997 3826 1169 3891 Clementis
1195 3826 1404 3890 Alexandrini

352 3929 448 3993 verbe
463 3930 495 3993 in
511 3930 627 4007 libello,
642 3930 696 4015 qni
717 3930 889 4015 inscriptus
903 3937 965 4005 est,
985 3929 1059 4007 Quis
1080 3929 1162 3992 dines
1175 3930 1317 4004 salvator,
1331 3935 1402 3994 Τοι-

352 4033 454 4113 γάρτοι
470 4037 581 4097 τούτων
597 4036 736 4110 ἀκούσας,
754 4036 769 4097 ὁ
787 4031 929 4113 μακάριος
951 4033 1074 4113 Πέτρος,
1091 4036 1107 4095 ὀ
1127 4033 1275 4110 ἐκλεκτὸς,
1292 4036 1309 4096 ὁ
1325 4032 1404 4111 ἐξαί-

351 4158 443 4212 ρετος,
454 4132 471 4195 ό
481 4140 593 4213 πρῶτος
602 4140 661 4197 τῶν
669 4140 809 4213 μαθητῶν
820 4135 917 4214 (conf.
932 4134 963 4197 S.
974 4135 1057 4198 Mat.
1069 4158 1099 4197 x.
1113 4137 1169 4217 2.)‚
1180 4137 1253 4214 ὑπὲρ
1265 4136 1300 4198 οὗ
1310 4133 1405 4214 μόνον

352 4236 400 4299 καὶ
415 4236 520 4299 ἑαυτοῦ
535 4234 588 4298 τὸν
604 4236 698 4317 φόρον
718 4235 734 4299 ό
751 4236 855 4315 Σωτὴρ
872 4239 995 4312 έκτελεῖ,
1014 4238 1069 4299 διο.
1086 4258 1116 4321 p.
1126 4254 1179 4320 57.
1198 4237 1246 4300 etl.
1266 4236 1403 4313 Pollem',
