3242 5150
438 409 684 472 APOLOGIA
709 409 801 472 PRO
825 408 1051 473 ORIGENE.
1199 411 1259 474 381

218 579 371 644 omuibus.
418 579 537 644 Statim
554 580 637 644 euim
659 587 696 644 ut
718 588 827 644 creata
844 579 940 644 fuerit
963 579 1080 656 anima,
1095 601 1167 644 cum
1187 579 1266 644 nihil

217 691 328 774 utique
349 690 453 754 adhuc
475 689 508 752 in
530 711 565 754 se
586 691 687 776 culpae
708 690 912 766 commiserit,
928 689 1079 755 inseritur
1093 690 1264 768 interdum,

155 839 159 846 -
217 801 244 863 si
258 801 306 864 ita
319 801 481 877 acciderit,
497 822 581 864 eaeco
595 800 719 885 corpori
730 800 780 864 vel
793 799 873 864 alias
883 799 996 863 debilis
1017 799 1170 864 aliaevero
1180 801 1266 865 sanis

218 909 404 994 corporibus
426 931 465 974 ac
488 910 696 973 firmioribus:
732 919 766 974 et
788 909 859 973 aliis
883 909 1009 994 quidem
1033 909 1169 974 multum
1191 909 1266 974 vite

219 1027 346 1104 tempus
364 1019 526 1097 tribuitur,
542 1019 612 1083 aliis
635 1041 709 1083 vero
730 1018 966 1083 brevissimum:
990 1019 1035 1082 ita
1052 1027 1089 1084 ut
1106 1020 1267 1084 interdum

218 1129 310 1192 simul
324 1136 362 1193 ut
376 1137 462 1193 natae
476 1129 603 1206 fuerint,
619 1129 831 1193 exturbantur
845 1151 862 1193 e
880 1151 1033 1214 corporee
1062 1137 1096 1194 et
1110 1131 1181 1194 sliae
1196 1131 1264 1216 qui-

219 1241 292 1304 dem
311 1239 639 1304 adconversationem
659 1246 819 1323 agrestem
840 1241 1010 1324 quamdam
1029 1262 1066 1304 ac
1086 1240 1265 1319 barbaram,

220 1359 254 1414 et
276 1350 329 1413 ubi
351 1352 418 1414 'ex
440 1348 528 1412 nulla
551 1349 629 1411 nihil
654 1349 784 1412 humani
805 1357 863 1413 aut
883 1349 1008 1414 honesti
1032 1358 1091 1426 est,
1113 1357 1147 1414 et
1172 1371 1267 1434 super

218 1460 327 1523 omnia
351 1459 405 1522 ubi
430 1465 573 1543 paternae
599 1457 833 1542 superstitionis
862 1458 1010 1543 impietas
1033 1458 1165 1536 obtinet,
1193 1457 1268 1522 diri-

219 1572 356 1654 guntur:
388 1569 459 1633 alioe
484 1591 559 1633 vero
584 1571 626 1633 ad
652 1570 737 1633 viros
759 1570 919 1647 honestos,
947 1569 1078 1645 sobrios,
1102 1569 1269 1646 humanos,

220 1681 274 1744 ubi
290 1688 324 1744 et
338 1679 547 1745 humanarum
562 1681 667 1766 legum
682 1681 862 1745 observatio
874 1681 978 1766 viget;
996 1680 1156 1744 interdum
1171 1678 1269 1743 etiam

219 1793 427 1876 adparentes
446 1791 620 1877 religiosos,
635 1792 688 1855 ubi
704 1791 854 1856 educatio
873 1790 987 1854 nobilis
1001 1797 1034 1854 et
1054 1790 1198 1866 honesta,
1214 1787 1269 1852 ubi

220 1901 319 1965 etium
334 1901 471 1966 eruditio
485 1901 692 1977 rationabilis,
708 1901 980 1966 transmittuntur.
1026 1899 1192 1980 Quomodo
1212 1897 1269 1984 igi-

221 2019 275 2075 tur
288 2020 464 2077 assertores
478 2034 586 2076 eorum
600 2013 633 2076 in
648 2012 766 2076 talibus
780 2011 918 2075 divinam
936 2010 1167 2095 providentiam
1181 2016 1269 2073 recte

220 2123 328 2186 omnia
342 2122 590 2207 dispensantem,
604 2129 639 2186 et
653 2144 744 2207 sequa
758 2122 849 2186 lance
869 2121 1099 2197 moderantem,
1114 2126 1270 2204 tauquam

221 2233 295 2297 boui
311 2241 345 2298 et
355 2234 434 2318 justi
450 2235 513 2298 Dei
527 2241 680 2319 poterunt
694 2233 876 2318 assignare?

265 2344 286 2406 J
288 2367 340 2407 am
355 2366 430 2407 vero
444 2344 487 2407 illi
509 2344 562 2427 qui
577 2365 618 2407 ex
632 2345 766 2408 traduce
785 2343 909 2407 animas
927 2343 1032 2406 venire
1049 2341 1219 2416 affirmant,
1236 2346 1270 2404 et

222 2454 315 2518 simul
340 2476 412 2517 cum
434 2453 588 2536 corporali
610 2475 665 2517 eas
686 2454 805 2518 semine
827 2453 993 2517 seminari:
1022 2452 1048 2514 si
1071 2451 1196 2535 quidem
1218 2453 1270 2533 (ut

223 2562 352 2647 quidam
366 2562 505 2647 ipsorum
519 2562 677 2627 affirmare
691 2563 809 2645 solent)
826 2584 890 2625 non
904 2560 989 2626 aliud
1005 2558 1115 2623 dicunt
1131 2557 1270 2623 animam

223 2694 292 2736 esse
307 2695 402 2756 quam
416 2672 660 2736 insufflationem
675 2671 813 2756 Spiritus
828 2671 898 2749 Dei,
915 2670 1021 2733 sillam
1036 2668 1156 2732 scilicet
1174 2689 1271 2752 quam

224 2781 316 2845 initio
331 2781 463 2846 secturae
485 2782 594 2845 mundi
609 2783 697 2845 Deus
716 2782 833 2846 dicitur
852 2780 1028 2845 insufflasse
1047 2778 1080 2840 in
1096 2777 1215 2853 Adam,
1231 2777 1271 2840 de

224 2892 294 2976 ipsa
309 2892 369 2955 Dei
385 2914 454 2955 esse
469 2914 538 2955 eam
553 2892 734 2956 substantia
753 2890 958 2975 profitentes:
982 2888 1140 2973 quomodo
1159 2908 1224 2950 uon
1238 2894 1272 2951 et

224 3002 278 3065 isti
297 3002 488 3067 videbuntur
509 3004 743 3087 quodammodo
763 3002 832 3066 brec
854 3006 972 3085 praeter
992 2998 1165 3083 Scripturas
1181 3018 1272 3081 regu·

224 3111 337 3176 lamet
355 3113 513 3177 rationem
531 3113 662 3197 pietatis
680 3134 830 3190 asserere,
846 3112 929 3196 quod
949 3108 1130 3174 substantia
1145 3108 1205 3171 Dei
1222 3115 1272 3171 est

225 3245 296 3307 quae
317 3225 482 3308 peccat‚si
502 3224 609 3288 anima
623 3246 693 3309 quae
713 3225 754 3288 de
775 3221 956 3287 substantia
977 3220 1038 3284 Dei
1057 3226 1118 3296 est,
1138 3225 1268 3304 peccat;

225 3334 352 3418 iusuper
375 3335 473 3399 etiam
497 3336 581 3420 quod
604 3344 639 3399 et
662 3336 763 3420 poeuis
788 3333 953 3398 subdenda
978 3332 1021 3396 sit
1041 3353 1099 3416 pro
1119 3330 1272 3414 peccato!

227 3445 290 3507 Sed
309 3451 343 3508 et
364 3444 441 3508 illud
463 3467 497 3508 se
513 3446 613 3529 (quod
636 3445 865 3530 perabsurdum
887 3445 951 3525 est)
966 3442 1126 3506 incurrere
1145 3461 1209 3502 non
1228 3439 1272 3501 vi·

225 3554 312 3631 dent,
329 3554 403 3638 quia
417 3577 544 3619 necesse
559 3562 609 3619 est
623 3577 694 3619 eam
709 3554 800 3619 simul
816 3575 888 3618 cum
903 3573 1035 3635 corpore
1049 3550 1140 3627 mori,
1154 3556 1188 3613 et
1204 3569 1271 3612 esse

225 3666 401 3744 mortalem,
422 3666 449 3729 si
473 3666 564 3730 simul
584 3688 655 3730 cum
675 3687 807 3750 corpore
821 3665 870 3729 vel
891 3663 1046 3727 seminata
1065 3660 1114 3725 vel
1134 3660 1272 3723 formata

225 3776 274 3839 vel
292 3784 372 3840 nuta
386 3783 445 3841 est.
489 3778 572 3839 Tum
588 3776 701 3839 deinde
722 3774 765 3838 illi
782 3774 836 3859 qui
856 3794 952 3837 unam
973 3770 1098 3856 quidem
1120 3791 1160 3833 ex
1179 3766 1273 3831 nullis

226 3886 445 3951 substantibus
469 3909 491 3951 a
515 3887 585 3951 Deo
610 3887 729 3951 saetam
754 3906 824 3949 csse
849 3883 958 3947 dicunt
983 3880 1131 3957 animam,
1156 3878 1188 3942 id
1212 3886 1271 3955 est,

226 3995 313 4060 illam
328 4018 399 4082 quae
419 3997 522 4081 prima
535 3995 622 4061 laeta
636 4003 685 4060 est
705 3995 738 4057 in
752 3994 871 4072 Adam,
886 4001 920 4057 et
935 4014 975 4057 ex
992 4012 1030 4053 ea
1045 3990 1115 4077 jam
1133 3988 1274 4052 omnium

226 4106 389 4171 homiuum
414 4107 537 4171 animas
561 4106 706 4184 existere,
731 4112 765 4169 et
791 4103 962 4168 secundum
985 4098 1181 4184 corporalem
1206 4094 1272 4159 sine

390 4360 586 4425 ’Uacalus
949 4350 1071 4400 sceau
1087 4362 1107 4411 7.
