3242 5150
360 361 435 456 ses
546 390 704 455 ossus
728 388 862 454 Aeon
887 387 1224 452 Ζιιιιοιιιιιιιιι.

362 575 382 598 '¹
397 561 538 627 oodioem
553 560 705 626 dedistis!
728 560 875 626 Proferte
889 558 1071 644 Scripturas
1082 580 1162 643 quos
1175 557 1311 623 hebetis.
1352 559 1412 624 Gu-

362 686 382 711 “
398 674 519 739 tulinus
533 679 568 738 et
583 671 779 738 Merouolius
793 671 957 738 dixerunt:
988 670 1065 736 Plus
1080 692 1143 735 ιιοιι
1158 669 1322 747 hebemus,
1337 670 1413 754 quis

362 796 381 820 ‘¹
397 783 607 849 subdisooneo
620 803 747 848 sumus:
771 783 827 848 sed
849 782 984 847 leetores
1007 780 1127 844 habent
1148 779 1281 844 eodiees
1320 778 1413 842 Felix

364 893 509 962 “flsmeu
523 901 697 982 perpetuus
710 901 842 961 ourutor
859 889 1039 980 reipublioes
1060 889 1237 954 Morouolio
1259 896 1294 953 et
1314 891 1413 954 Cetu-

371 1004 463 1070 ·‘liuo
485 1004 587 1072 dixit:
610 1005 841 1070 Demonstrute
863 1001 954 1068 nobis
975 1002 1120 1066 leetores.
1167 1000 1360 1066 Morouelius
1379 1009 1413 1064 et

364 1114 571 1183 “Catulinus
595 1114 765 1179 dixerunt:
793 1111 871 1180 Nou
896 1112 1013 1180 seimus
1036 1110 1091 1176 ubi
1114 1118 1276 1176 menesnt.
1321 1111 1414 1175 Felix

362 1235 382 1262 “
397 1224 514 1291 flamen
528 1232 701 1313 perpetuus
715 1234 847 1290 curator
863 1221 1044 1308 reipublieee
1059 1221 1208 1290 Getuliuo
1228 1228 1263 1286 et
1283 1221 1413 1287 Morou-

364 1345 383 1373 ''
399 1333 459 1398 olio
472 1333 574 1402 dixit:
599 1335 634 1399 Si
653 1333 708 1401 ubi
727 1341 860 1402 manent
879 1353 944 1396 non
963 1331 1075 1409 nostis,
1091 1331 1221 1397 nomios
1238 1353 1347 1397 sorum
1368 1332 1413 1396 di-

363 1455 383 1483 '‘
398 1443 470 1512 tito.
511 1443 726 1511 caletenses
741 1441 937 1508 Murouelius
951 1441 1121 1507 dixerunt:
1145 1441 1212 1506 Nos
1227 1463 1292 1506 uon
1305 1465 1413 1508 sumus

363 1566 382 1594 '⁴
398 1554 589 1640 proditores.
633 1554 720 1620 Eooo
734 1574 853 1631 sumus,
869 1551 948 1638 jube
964 1573 1022 1616 uos
1036 1551 1146 1618 oooidi.
1192 1551 1284 1618 Felix
1298 1551 1413 1617 flamen

361 1676 382 1701 “
398 1673 571 1751 perpetuus
584 1670 715 1734 ourstor
725 1662 905 1749 reipublioae
918 1662 1020 1728 dixit:
1036 1661 1253 1748 Reoipisutur.
1283 1660 1330 1727 Et
1341 1683 1413 1726 oum

363 1785 383 1813 ¹'
398 1781 528 1841 ventum
542 1781 627 1840 osset
641 1773 685 1839 ed
699 1774 829 1841 domum
844 1771 991 1857 Eugenii,
1009 1771 1101 1838 Felix
1111 1770 1226 1836 flumen
1241 1779 1413 1862 perpetuus

362 1896 382 1920 '¹
398 1884 718 1970 ourstorreipublioes
729 1884 812 1953 dixit
825 1884 988 1970 Eugenio:
1006 1883 1121 1947 Profer
1135 1881 1317 1969 Scripturas
1333 1905 1412 1968 quus

362 2005 382 2033 “
397 1995 509 2072 hebes,
522 2003 561 2060 ut
574 2003 736 2079 praeoepto
749 2015 862 2079 perere
873 1993 991 2079 possis:
1008 2000 1043 2060 et
1052 1992 1188 2080 protulit
1202 1992 1325 2058 oodioes
1336 2015 1412 2078 quu-

364 2116 383 2143 ‘⁴
399 2111 484 2169 tuor.
520 2103 613 2170 Felix
626 2103 742 2170 flumen
757 2117 931 2190 perpetuus
945 2113 1075 2169 curator
1089 2103 1270 2190 reipublieoe
1286 2103 1413 2169 Silvano

364 2225 384 2252 '‘
400 2221 434 2280 et
449 2213 569 2279 Ouroso
583 2213 683 2281 dixit:
700 2213 929 2279 Demonstrote
944 2221 1069 2280 eeteros
1082 2213 1228 2278 lectores.
1269 2211 1414 2277 Silvanus

365 2333 386 2361 ‘'
400 2330 435 2390 et
448 2321 589 2391 comeus
603 2323 770 2392 dixerunt:
795 2326 815 2366 ⁸
825 2325 902 2392 ‚lum
918 2323 1001 2388 dixit
1012 2323 1178 2410 episeopus
1189 2323 1264 2408 quis
1276 2321 1415 2386 Edusius

364 2445 384 2472 “
400 2440 435 2500 et
449 2432 566 2498 Junius
579 2441 766 2516 exeeptores
785 2455 895 2498 omnes
914 2438 1079 2499 noverunt,
1124 2432 1191 2518 Ipsi
1211 2431 1270 2498 tibi
1286 2431 1414 2496 demon-

366 2554 386 2578 ⁴'
402 2550 508 2612 streut
522 2544 564 2608 sd
578 2543 692 2611 domus
711 2565 833 2611 eorum.
884 2542 1022 2610 Edusius
1040 2548 1075 2608 et
1094 2543 1117 2607 J
1119 2542 1211 2613 unius
1230 2547 1415 2627 exeeptores

366 2664 386 2689 '¹
402 2653 569 2720 dixerunt:
592 2655 660 2720 Nos
673 2675 729 2718 eos
741 2654 1007 2730 demonstramus,
1020 2652 1165 2716 Domine.
1197 2650 1244 2716 Et
1255 2670 1327 2716 oum
1341 2672 1415 2715 ven-

365 2774 386 2798 ‘'
400 2770 471 2832 tum
485 2762 598 2827 luisset
618 2763 661 2828 od
683 2763 814 2830 domum
837 2763 953 2830 Felicis
970 2762 1115 2841 sursoris,
1133 2762 1269 2853 protulit
1290 2760 1415 2826 oodiees

365 2885 384 2914 '⁸
401 2872 548 2961 quinque.
579 2873 624 2939 Et
638 2894 711 2938 oum
725 2882 855 2941 ventum
870 2880 955 2941 esset
968 2874 1011 2937 ad
1023 2874 1153 2937 domum
1165 2872 1329 2949 Victorini,
1344 2892 1415 2957 pro·

366 2982 476 3052 “tulit
499 2982 625 3051 oodioes
647 2990 730 3047 oete.
776 2982 822 3046 Et
844 3004 916 3047 eum
939 2991 1068 3051 ventum
1091 2982 1203 3049 fuisset
1222 2984 1265 3048 ed
1287 2983 1416 3048 domum

366 3104 385 3129 ‘⁴
404 3092 555 3176 Projeoti,
581 3091 717 3177 protulit
738 3092 863 3157 oodiees
885 3115 914 3156 v.
930 3092 1078 3178 majores,
1103 3100 1137 3159 et
1162 3093 1300 3175 minores
1325 3093 1414 3157 duos.

367 3202 448 3268 “Et
474 3224 546 3269 oum
572 3204 614 3268 ed
637 3203 838 3287 grammatici
863 3204 992 3268 domum
1018 3212 1147 3269 ventum
1173 3204 1296 3279 fuisset,
1324 3202 1417 3268 Felix

366 3326 386 3349 ‘⁴
401 3314 518 3380 flumen
533 3321 705 3398 perpetuus
720 3322 851 3377 eurotor
861 3312 986 3377 Viotori
997 3315 1207 3400 grummutioo
1222 3315 1321 3379 dixit:
1338 3315 1416 3378 Pro·

368 3436 387 3459 ‘¹
403 3424 452 3489 ier
477 3424 660 3510 Scripturas
685 3446 765 3511 quos
790 3424 901 3501 hebes,
927 3432 964 3489 ut
987 3433 1149 3512 proeeopto
1171 3447 1284 3511 parere
1305 3426 1415 3511 poesis.

367 3546 387 3570 “
404 3534 516 3600 Viotor
529 3535 756 3622 grammaticus
777 3536 896 3605 obtulit
915 3536 1039 3601 oodioes
1051 3558 1090 3599 ιι.
1106 3542 1141 3601 et
1160 3536 1324 3621 quiniones
1338 3558 1415 3622 que-

366 3652 479 3711 “tuor.
503 3646 595 3710 Felix
604 3646 719 3712 flamen
728 3654 901 3733 perpetuus
909 3656 1040 3712 ourutor
1051 3646 1177 3715 Vietori
1189 3648 1288 3713 dixit:
1305 3648 1419 3711 Profer

368 3766 387 3789 '‘
403 3756 598 3842 Soripturss,
620 3757 692 3843 plus
715 3758 824 3821 hebes.
869 3756 984 3822 Vietor
1006 3757 1235 3843 grammatious
1258 3758 1357 3826 dixit:
1383 3756 1418 3821 Si

367 3877 388 3903 ''
402 3866 474 3952 plus
497 3866 688 3940 habuissem,
714 3867 881 3932 dedissem.
920 3868 966 3932 Et
989 3888 1061 3932 eum
1085 3875 1216 3933 ventum
1241 3868 1354 3935 fuisset
1376 3869 1419 3935 ud

367 3978 532 4042 “domum
560 3977 679 4042 Eutieii
708 3978 962 4057 Oaesariunensis‚
989 3978 1081 4044 Felix
1104 3979 1220 4045 flamen
1243 3986 1417 4066 perpetuus

367 4098 387 4126 '‘
402 4095 534 4155 curator
548 4086 676 4153 Eutioio
696 4087 797 4152 dixit:
823 4090 937 4153 Proler
958 4090 1237 4176 Seripturosquos
1255 4089 1366 4166 hebes,
1381 4095 1419 4153 ut

367 4209 387 4238 '³
403 4207 564 4291 prseoepto
590 4220 702 4283 parere
728 4200 841 4284 possis.
899 4200 1044 4265 Eutioius
1071 4199 1170 4266 dixit:
1206 4198 1278 4263 Nou
1305 4199 1419 4263 habeo.
1483 4274 1489 4285 κ

720 4355 734 4383 ’
747 4352 817 4415 (vie.
830 4368 902 4417 suprs
914 4368 967 4417 psg.
981 4352 1049 4415 322.)
