3242 5150
354 403 419 469 256
533 402 806 467 CONCILIUM
831 400 1222 464 ELIBERITANUM.

632 656 783 716 TITULI
805 654 1130 715 CAPITULORIIM.

356 775 380 834 1.
395 775 442 832 De
456 773 499 832 bis
512 774 558 850 qui
566 781 633 850 post
648 773 809 849 baptimum
824 771 905 828 idolis
916 771 1132 829 immhverunt.

356 871 398 930 II.
412 871 459 928 De
471 869 657 928 sacerdotibus
672 878 685 910 ⁰
691 868 843 945 amilium,
857 869 904 944 qui
911 876 976 943 post
987 868 1147 944 baptismum
1159 864 1398 926 tinnoavmne.

356 969 413 1027 111.
429 969 477 1025 De
490 968 599 1032 eisdem
614 966 640 1023 si
652 966 735 1023 idolis
748 973 959 1023 remeantum
971 965 1112 1022 isdemne.

356 1067 410 1124 IV.
425 1065 472 1122 De
498 1065 604 1132 eisdem,
627 1065 654 1121 si
675 1063 858 1122 catechumeni
878 1063 966 1120 adbuc
983 1062 1132 1128 innectant.
1153 1063 1262 1139 quando
1281 1063 1404 1140 baptisa-

479 1162 585 1218 ὀπυίων.

356 1260 396 1319 V.
412 1259 447 1317 Si
460 1259 566 1316 danaim
574 1277 629 1332 per
643 1258 727 1316 selum
741 1257 868 1315 ancillas
881 1257 1021 1315 occiderit.

356 1356 411 1414 VI.
426 1357 461 1414 Si
474 1355 621 1431 quicunque
629 1374 682 1431 per
694 1354 852 1430 maleficium
866 1353 998 1411 bominem
1011 1354 1188 1428 interfecerit.

357 1453 427 1511 VII.
441 1453 488 1510 De
495 1452 686 1529 penitentibus
698 1451 823 1518 machis,
837 1452 863 1509 si
876 1471 973 1510 rurssu
986 1452 1203 1509 ⁰nsacbacerint.

358 1549 442 1608 VIII.
457 1549 505 1608 De
508 1550 634 1624 januis,
650 1569 708 1626 qaoe
721 1549 827 1608 relictis
839 1550 910 1606 airis
922 1550 979 1607 suis
990 1549 1055 1607 aliis
1067 1549 1177 1606 mbunt.

359 1648 412 1707 IX.
429 1647 477 1705 De
481 1647 607 1724 seminis.
623 1667 681 1724 qua
694 1647 832 1705 adulteras
844 1646 959 1704 maritas
972 1646 1135 1723 relinquant,
1148 1654 1176 1704 et
1189 1645 1254 1702 aliis
1265 1644 1373 1702 nebunt.

357 1747 395 1804 X.
411 1746 457 1803 De
470 1745 567 1802 relicta
580 1745 769 1809 catecbumeai
784 1745 811 1801 si
824 1744 941 1801 αῑὶεναηι
954 1745 1072 1801 eluserit.

358 1842 412 1900 XI.
428 1841 476 1900 De
489 1843 684 1906 catechumeno,
698 1843 725 1898 si
736 1844 861 1915 graviter
873 1842 1054 1917 coarctaverit.

358 1940 428 1997 XII.
444 1939 491 1997 De
503 1938 667 2003 mulieribus,
683 1957 740 2013 quse
753 1938 912 1995 lenocinium
916 1939 1049 2013 fecerint.

359 2035 445 2095 XIII.
461 2036 508 2093 De
521 2034 672 2110 oiryinibus
685 2035 747 2092 Deo
760 2036 889 2103 sacratis
904 2036 930 2092 si
943 2036 1163 2093 adulteraverint.

358 2134 442 2192 XIV.
456 2133 503 2190 De
515 2132 666 2207 oiryinibus
678 2132 861 2198 sacularibus,
875 2134 901 2190 si
913 2130 1127 2190 ‘mamertus

359 2231 427 2289 XV.
440 2230 488 2288 De
501 2231 624 2304 conjaaia
637 2247 728 2286 eorum
741 2230 787 2306 qui
799 2248 834 2286 ec
844 2229 997 2305 qentilitate
1008 2229 1129 2286 venient.

360 2328 442 2386 XVI.
456 2330 501 2383 De
508 2326 611 2402 puellis
618 2326 756 2402 fidelibus,
770 2346 804 2384 ne
817 2327 968 2403 infidelibus
982 2327 1188 2401 conjurantur.

359 2423 458 2482 XVII.
474 2423 522 2479 De
535 2422 578 2479 bis
591 2422 724 2498 quifilias
736 2441 801 2480 suas
814 2421 997 2479 sacerdotibus
1009 2421 1150 2497 centiiiusn
1162 2421 1334 2497 mussant.

359 2519 476 2579 XVIII.
490 2519 537 2578 De
549 2518 734 2577 sacerdotibus
747 2526 774 2576 at
787 2519 929 2585 masna,
943 2519 970 2575 si
982 2517 1186 2576 sauciaverunt.

360 2618 445 2676 XIX.
460 2618 507 2675 De
520 2616 628 2674 clericis
641 2620 748 2693 neyotia
760 2624 788 2674 et
800 2617 931 2674 matous
940 2614 1114 2672 sectantibus.

360 2712 428 2770 XX.
443 2713 490 2770 De
504 2714 612 2771 clericis
624 2722 651 2770 et
664 2714 744 2769 laicis
757 2712 901 2769 usurariis.

360 2810 444 2867 XXI.
459 2810 506 2867 De
519 2810 562 2867 bis
575 2810 623 2885 qui
637 2811 743 2866 tardius
756 2810 794 2866 ad
804 2808 944 2867 eccleciam
956 2808 1093 2865 accedunt.

360 2908 459 2966 XXII.
477 2910 523 2964 De
536 2907 678 2965 catholicis
691 2910 719 2964 in
733 2907 856 2963 heresim
869 2905 1078 2970 transeuntibus,
1093 2906 1120 2962 si
1133 2913 1312 2963 marmur.

360 3003 476 3060 XXIII.
490 3003 536 3060 De
549 3002 712 3078 temporibus
718 3003 896 3075 jejuniorum.

361 3100 474 3157 XXIV.
491 3098 538 3156 De
551 3099 594 3155 bis
608 3101 654 3174 qui
662 3118 778 3176 peregere
793 3102 973 3175 baptizantur,
988 3108 1018 3157 ut
1031 3101 1068 3157 ai
1081 3100 1182 3157 clerum
1195 3119 1248 3158 non
1259 3101 1376 3157 veniant

360 3196 456 3252 XXV.
472 3193 520 3251 De
532 3194 656 3268 epistolis
669 3196 912 3252 communicatoriis
922 3195 1114 3269 consessorum.

360 3292 474 3350 XXVI.
493 3291 529 3349 Ut
543 3292 615 3347 omne·
627 3290 737 3348 sabbato
743 3291 893 3364 jejunetur.

360 3388 448 3446 XXV
450 3387 489 3445 II.
504 3387 551 3444 De
564 3387 680 3453 clericis,
695 3395 725 3445 nt
739 3388 1036 3462 seetraneasseminas
1049 3390 1077 3445 in
1091 3390 1169 3445 demo
1182 3407 1235 3446 non
1248 3388 1370 3446 babeant.

361 3484 448 3541 XXV
450 3485 505 3543 111.
520 3484 567 3541 De
580 3484 757 3542 oblationibus
770 3503 862 3542 eorum
875 3486 924 3560 qui
936 3503 989 3541 non
1002 3486 1205 3542 mosum.

360 3582 475 3640 XXIX.
488 3584 534 3639 De
547 3582 738 3657 mannonis,
753 3582 870 3657 qualiter
882 3582 1031 3639 babmntur
1043 3582 1077 3639 ab
1090 3582 1211 3639 ecclesia.

361 3678 459 3735 XXX.
473 3678 520 3735 De
532 3678 575 3735 bis
588 3680 634 3753 qui
641 3686 708 3755 post
721 3678 861 3735 lavacrum
873 3678 1070 3745 masbacerInt,
1084 3698 1117 3735 ne
1128 3679 1304 3735 subdiacones
1309 3678 1393 3753 fiant.

361 3774 474 3833 XXXI.
490 3775 537 3833 De
550 3775 769 3844 adolescentibus,
783 3778 830 3851 qai
836 3784 904 3851 poet
917 3776 1055 3834 lavacrum
1064 3776 1186 3834 moecbati
1198 3785 1270 3833 sunt

361 3871 489 3929 XXXII.
503 3871 550 3928 De
565 3872 745 3948 presbyteris.
767 3880 797 3929 ut
818 3874 1051 3932 escornmunicatis
1071 3875 1100 3930 in
1116 3872 1274 3930 necessitate
1292 3890 1408 3929 ccm-

523 3970 627 4025 niaaem
640 3970 711 4026 oleat.

362 4063 508 4123 XXXIII.
523 4064 569 4121 De
581 4064 723 4140 episcopis,
738 4073 765 4121 et
777 4066 920 4133 ministris,
934 4075 965 4124 ut
978 4067 1012 4124 ab
1023 4066 1151 4124 secribus
1162 4084 1193 4122 se
1204 4065 1368 4123 anama.

395 4279 448 4325 θα.
460 4278 578 4339 gemtum.
677 4276 886 4327 tatnsatficsns
969 4279 1194 4341 eatpomvoeine.
1288 4278 1409 4326 'dnae-

360 4356 437 4407 chsta
448 4355 547 4405 fisarint.
647 4359 940 4419 tAauirre‚cxtrsnonm
951 4357 1084 4407 mulierem.
