3242 5150
386 387 543 449 GESTA
568 389 701 452 APUD
725 392 1060 456 ZENOPHILUM.
1183 397 1247 464 329

198 561 216 587 “
231 574 309 635 pace
330 561 436 618 tecum
456 557 575 639 pascha
596 557 742 635 celebret,
759 581 798 622 ne
820 582 871 624 res
892 562 934 626 ad
957 561 1116 646 publicum
1138 563 1245 627 venisti

197 672 215 698 ‘⁶
230 671 395 746 praeterea,
408 665 476 749 jam
491 666 637 730 omnibus
651 668 743 731 nobis
757 679 845 732 nota.
883 670 1072 754 Rogeverim
1087 678 1130 747 te,
1146 672 1248 736 frater

196 784 214 809 ‘⁴
231 774 461 858 benignissime,
488 776 717 842 mediocritatis
747 800 826 844 meae
858 780 1018 864 compleas
1047 781 1246 864 petitionem.

196 883 333 946 “Nemo
347 884 459 948 sciat.”
491 886 574 950 Item
589 886 653 950 elia
667 887 813 952 recitata.
852 888 991 954 “Fratri
1005 889 1096 954 Forti
1109 889 1246 954 Sabinus

196 1002 214 1028 ‘⁶
229 993 262 1054 in
286 991 426 1056 Domino
447 1003 602 1058 aeternam
625 995 769 1059 salutem.
816 997 894 1077 Qua:
917 997 959 1062 sit
983 998 1131 1063 *ceritas
1151 999 1247 1083 juxto

196 1110 214 1137 ‘⁴
229 1123 340 1166 omnes
352 1103 496 1187 collegas,
509 1111 615 1168 certus
626 1126 696 1168 sam
708 1105 929 1190 peculiariter:
947 1113 1055 1170 tamen
1072 1109 1245 1172 secundum

196 1220 213 1247 “
232 1212 291 1274 Dei
307 1211 513 1288 volantatem,
528 1226 544 1272 7
556 1213 610 1296 qui
621 1213 716 1290 dixit,
730 1215 881 1292 Quosdam
895 1215 991 1299 diupo
1005 1236 1096 1300 caper
1109 1216 1246 1280 andecam

195 1330 213 1356 “
228 1342 333 1398 meam,
350 1321 511 1385 Silvanum
528 1328 562 1386 te
576 1322 708 1386 coluisse
723 1330 830 1387 certus
846 1345 925 1388 sum.
955 1325 1061 1405 Quare
1076 1347 1139 1388 non
1155 1325 1244 1388 dubi·

195 1441 213 1467 “
225 1431 291 1494 tavi
302 1431 371 1496 haeo
383 1431 503 1514 scripta
516 1431 559 1495 ad
570 1438 603 1494 te
615 1431 703 1508 dare,
715 1432 790 1516 quia
804 1431 945 1516 ²scripta
956 1433 1064 1498 tuaad
1075 1453 1148 1496 eum
1159 1433 1247 1498 sacta

194 1551 214 1576 ‘⁴
229 1540 299 1603 deri
313 1539 372 1604 ieci
387 1546 518 1623 propter
528 1560 644 1603 nomen
656 1539 845 1603 Nundinorii
856 1553 890 1619 3³
909 1548 942 1605 et
954 1540 1008 1625 qui
1020 1541 1155 1626 impigre
1166 1541 1244 1625 agit,

194 1658 354 1733 “semper
376 1669 428 1712 ree
453 1648 514 1712 Dei
534 1649 656 1734 impetu
675 1650 828 1734 procedit.
869 1652 920 1714 Ne
944 1652 1124 1734 praetendas
1147 1673 1241 1716 excu-

195 1767 213 1796 ⁴‘
230 1759 403 1836 sationem:
436 1759 603 1843 occupatio
626 1781 763 1844 nomque
786 1781 844 1824 nos
870 1759 981 1825 diebus
997 1760 1081 1848 istis
1102 1760 1243 1844 stringit,

193 1876 212 1904 “
226 1876 260 1932 et
282 1868 505 1933 incunctanter
527 1877 704 1934 commovet
729 1870 814 1934 circa
836 1870 905 1934 brec
932 1891 1030 1954 usque
1055 1876 1133 1934 ante
1159 1869 1243 1933 diem

193 1986 212 2017 “
228 1977 490 2041 solemnissimum
504 1977 651 2062 pasehae:
665 1985 703 2042 ut
718 1986 818 2064 perte
829 1979 887 2043 fiat
901 1977 1193 2064 pinguissimam,
1207 1989 1243 2042 ut

193 2096 211 2122 “
226 2086 314 2172 digni
336 2087 506 2151 coheredes
527 2087 646 2152 christi
671 2087 876 2166 inveniemur,
898 2087 953 2172 qui
977 2087 1081 2151 dixit:
1106 2087 1120 2130 ¹¹
1131 2089 1242 2152 Pacem

192 2206 211 2232 ‘⁶
226 2217 322 2260 mcom
343 2196 382 2259 dc
401 2195 490 2269 codic,
509 2217 618 2280 pacem
642 2218 739 2262 meam
762 2197 898 2282 radioque
924 2195 1013 2261 cobis.
1059 2197 1104 2260 Et
1127 2196 1243 2261 iterum

191 2316 210 2358 ‘-‘
226 2314 302 2391 peto
314 2313 352 2370 ut
362 2305 489 2371 facias.”
518 2307 563 2370 E:
575 2307 643 2371 clio
657 2329 761 2371 mona
792 2307 908 2391 “Opto
920 2314 954 2372 te
967 2307 1000 2370 in
1012 2306 1149 2369 Domino
1160 2305 1242 2370 bene

191 2426 210 2453 “
226 2416 330 2480 valere
344 2423 379 2480 et
392 2415 495 2480 nostri
509 2437 680 2480 memorem
695 2439 772 2481 esse.
805 2417 893 2482 Vale.
928 2416 990 2481 Sed
1004 2424 1137 2501 rogote,
1150 2437 1243 2479 nemo

191 2535 211 2562 “
226 2525 336 2591 sciat.”
380 2525 502 2607 Quibus
521 2525 611 2591 lectis
631 2526 825 2611 Zenophilus
842 2527 878 2591 V.
891 2525 929 2591 C.
947 2525 1120 2591 consuleris
1139 2524 1241 2589 dixit:

191 2638 244 2699 Ex
266 2637 348 2701 actis
370 2643 403 2699 et
422 2635 523 2699 literis
545 2658 615 2719 quse
637 2637 781 2701 recitate:
803 2646 888 2714 sunt,
905 2636 1094 2701 traditorem
1115 2642 1244 2701 constet

190 2765 258 2808 esse
274 2742 445 2807 Silvanum.
461 2752 495 2809 et
508 2744 628 2808 Victori
642 2745 741 2809 dixit:
765 2744 958 2831 Simpliciter
969 2746 1119 2810 confitere
1132 2752 1240 2808 utrum

190 2852 271 2917 scies
293 2872 365 2916 eum
387 2852 506 2937 aliquid
528 2853 707 2918 tradidisse.
755 2853 865 2919 Victor
885 2854 981 2918 dixit:
1005 2853 1163 2928 Trodidit,
1187 2853 1242 2916 sed

189 2982 253 3025 non
281 2982 332 3024 me
360 2968 525 3045 proesente.
581 2961 776 3047 Zenophilus
806 2962 850 3024 V.
867 2964 905 3026 C.
935 2960 1107 3027 consularis
1136 2960 1236 3024 dixit:

189 3068 277 3139 Quid
307 3069 553 3134 administrabat
578 3078 655 3134 tunc
683 3071 828 3135 Silvanus
852 3072 885 3134 in
911 3052 1015 3135 clei-ot
1048 3070 1164 3134 Victor
1191 3090 1241 3133 re-

188 3179 336 3263 spondit:
360 3178 427 3242 Sub
450 3178 553 3243 Paulo
574 3180 721 3265 episcopo
743 3190 816 3245 orte
838 3190 889 3245 est
911 3180 1100 3264 persecutio,
1118 3186 1156 3267 et
1179 3178 1238 3243 Sil·

188 3308 288 3351 vanus
302 3287 513 3352 subdiaconus
527 3287 597 3352 suit.
633 3288 872 3353 ⁰Nuodinarius
887 3289 1039 3355 diaconus
1053 3274 1218 3373 respondit
1232 3311 1239 3349 :

174 3381 324 3478 'Quando
337 3404 467 3462 ventum
482 3405 531 3462 est
553 3398 625 3475 iilic,
640 3399 697 3475 ait,
713 3408 750 3464 ut
770 3399 875 3464 factus
895 3407 980 3465 esset
1000 3399 1174 3484 episcopus,
1191 3418 1240 3460 re·

188 3506 317 3589 spondit
343 3507 495 3592 populus:
529 3507 623 3572 Alius
649 3508 719 3585 fiat,
745 3509 861 3573 exaudi
892 3509 990 3573 Deus.
1044 3505 1240 3591 Zenophilus

191 3616 228 3677 V.
241 3614 278 3680 0.
298 3615 471 3679 consuleris
495 3616 615 3680 Victori
638 3616 738 3680 dixit:
763 3616 895 3681 Dictum
917 3623 967 3681 est
988 3638 1009 3679 a
1032 3615 1158 3699 populo,
1182 3612 1240 3677 Sil-

188 3745 287 3789 vanus
301 3726 460 3815 traditori
488 3725 599 3789 Victor
613 3726 712 3789 dixit:
737 3726 808 3809 Ego
822 3726 889 3810 ipse
909 3725 1049 3789 luctatus
1064 3744 1134 3787 sum
1153 3722 1239 3805 depi-

187 3855 311 3916 scopus.
356 3834 550 3919 Zenophilus
573 3837 611 3900 V.
624 3835 659 3900 0.
683 3834 856 3899 consularis
880 3834 1001 3899 Victori
1024 3833 1125 3897 dixit:
1152 3832 1239 3915 Ergo

187 3944 309 4008 sciebas
330 3945 540 4009 traditorem?
562 3946 612 4009 De
634 3946 694 4011 hoc
717 3946 877 4011 confitere.
926 3944 1036 4009 Victor
1055 3941 1237 4029 respondit:

548 4073 876 4137 ‘(sor.caritastuc,·...)

222 4174 350 4236 aarum
361 4174 423 4237 use)
473 4186 486 4215 ι
500 4176 567 4238 (νεα.
579 4191 656 4238 mm
668 4191 721 4238 pag.
730 4176 799 4237 327.)
853 4176 923 4234 asor.
936 4175 965 4223 n.
1033 4171 1128 4217 ¹resen·
1138 4168 1186 4216 nv.
1201 4176 1237 4228 ¹7·

187 4252 268 4315 doci,
279 4256 341 4304 deest
352 4254 449 4317 aliquid,
463 4258 506 4315 oct,
517 4256 579 4305 dixit
587 4272 634 4319 pro
645 4258 772 4318 respondet
781 4253 938 4319 permutem.)
1101 4252 1115 4289 ‘¹
1128 4249 1192 4312 (sffl
1204 4262 1235 4295 ¹¹⁰

187 4334 256 4383 tieret
266 4334 409 4398 opiscopus.)

231 4436 297 4478 VOL.
313 4437 356 4479 lv.
684 4439 703 4477 U
719 4438 741 4478 u
