3242 5150
363 432 413 495 IN
439 435 471 496 S.
490 433 636 495 PETRI
661 432 808 496 ALEX.
834 433 1151 496 FRAGMENTA.
1240 435 1283 499 77

235 610 361 688 portum
380 612 441 682 est,
456 603 623 688 epistolam
643 605 684 668 ad
709 604 917 668 Prosdooinm
940 625 1003 667 non
1025 603 1046 666 J
1050 603 1103 667 ulii
1126 625 1205 679 eece,
1227 605 1283 667 sed

233 705 339 790 potine
362 705 521 770 Timothei
547 706 741 790 Apollinaris
763 704 917 790 discipuli,
937 707 975 772 ὡς
997 706 1073 780 ἔστι,
1097 705 1200 788 inquit
1224 704 1284 768 Le·

234 807 352 884 entius,
374 807 433 870 ἀπὸ
456 813 580 870 πολλῶν
603 807 803 888 ἆπογράφεων
825 805 1071 885 καταμανθάνειν.
1116 806 1166 869 Dc
1181 807 1287 884 Secia,

234 916 296 973 act.
313 909 342 973 8.
371 908 467 972 Unde
482 909 601 972 sactum
617 919 677 984 eet,
694 915 730 971 ut
745 931 765 971 a
781 907 880 971 Petro
894 906 1086 972 Constantio
1100 907 1133 969 in
1148 907 1287 972 editione

233 1013 418 1093 Pontificem
433 1012 520 1073 Rom.
533 1010 743 1094 Epistoiorom
758 1011 789 1073 in
801 1009 1019 1094 Appendioem
1034 1017 1162 1074 tanturn
1174 1010 1288 1094 Operis

235 1113 396 1198 Epheeina
414 1116 499 1195 ῥῆσις
514 1112 535 1175 J
539 1113 591 1175 ulii
608 1112 792 1176 transmissa
810 1112 863 1175 eit.
885 1135 915 1196 p.
930 1130 980 1174 21.
1025 1109 1176 1175 Cetemm
1194 1111 1289 1176 docet

234 1216 272 1280 cl.
287 1215 485 1298 ,Vilioisonus
507 1214 663 1278 Aaecdott.
688 1223 765 1277 tom.
790 1213 821 1276 ii.
840 1236 871 1297 p.
891 1232 963 1295 247.
986 1235 1025 1276 ex
1050 1213 1192 1298 Octolopo
1213 1214 1288 1277 olim

234 1318 320 1382 edito
341 1316 535 1382 Bibliotheca}
557 1319 590 1380 S.
606 1316 714 1379 Marci
744 1317 885 1392 Venetiie,
908 1316 1054 1401 subjungi
1078 1317 1111 1380 in
1129 1317 1199 1382 eod.
1214 1336 1288 1398 504,

234 1420 390 1504 Eoccrpto
411 1441 445 1482 ια
468 1421 560 1483 Petro
580 1419 712 1502 epicopo
732 1417 944 1480 Alexandriae
963 1428 990 1480 et
1008 1428 1144 1500 omotyrc
1160 1440 1196 1481 cc
1213 1416 1290 1481 libro

236 1521 285 1584 De
299 1520 481 1584 Divinitotc.
528 1521 646 1584 Utrum
664 1521 724 1584 itlae
740 1529 839 1604 atque
855 1520 903 1583 hae
917 1520 1020 1601 ῥήσεις
1029 1521 1148 1584 eadem
1163 1520 1238 1595 sint,
1252 1519 1289 1583 el.

239 1622 405 1685 Moreilius
431 1623 464 1684 in
490 1622 591 1686 altero
617 1622 774 1686 volumine
798 1621 990 1685 Bidiiotiecae
1013 1644 1077 1685 euae
1106 1623 1212 1685 MStce
1233 1643 1290 1685 noe

240 1723 391 1791 certiores
405 1724 542 1788 fortasse
558 1724 661 1788 faciet.

283 1828 320 1892 P.
337 1827 415 1908 46.l
446 1848 493 1891 ιο.
510 1827 630 1914 τέλεον]
655 1827 774 1890 Reddit
797 1827 895 1890 verba
917 1833 1007 1909 vetas
1030 1826 1165 1890 Latinus
1186 1825 1290 1890 Inter·

238 1951 320 2014 pree,
345 1929 475 2013 perinde
500 1929 587 1992 acsi
615 1931 731 1995 τελείας
755 1928 933 1992 invenisset.
982 1928 1132 1991 Proxime
1153 1935 1230 1990 ante
1251 1949 1291 1990 ex

237 2053 295 2096 ora
312 2033 384 2096 edit.
404 2030 498 2096 Lato.
525 2031 637 2095 Ooocii.
664 2031 764 2116 recepi
784 2032 836 2094 οὐκ
857 2031 1025 2112 ἀπελείφθη
1047 2031 1139 2095 MSti
1156 2031 1290 2114 Βαναίαν.

238 2134 404 2199 lectionem
429 2156 487 2218 pro
514 2135 548 2196 οὐ
571 2136 762 2216 κατελείφθη,
784 2142 818 2198 et
844 2133 927 2196 inira
946 2155 978 2216 p.
999 2154 1051 2212 47.
1073 2135 1210 2213 δηλονότι
1232 2154 1292 2217 pro

239 2235 275 2313 ot
289 2237 367 2308 τότε,
385 2241 419 2298 et
434 2237 625 2316 γεννώμενον
640 2254 697 2318 pro
711 2237 885 2316 γενόμενον.

284 2337 321 2401 Ρ.
336 2355 389 2420 47.
405 2336 425 2398 l.
449 2357 474 2400 1.
498 2335 595 2400 Ὅθεν
614 2337 662 2398 καὶ
684 2338 699 2398 ὁ
724 2337 939 2418 εὐογγελισιὴς
957 2337 1028 2421 dte]
1069 2337 1141 2401 Non
1165 2345 1292 2401 tantum

239 2439 271 2502 in
294 2439 380 2504 Actu
403 2440 511 2502 Primo
537 2437 666 2502 Caecilii
685 2439 835 2522 Idpltcsioi
852 2446 944 2502 extat
963 2439 1031 2502 haeo
1050 2438 1176 2522 quidem
1196 2441 1291 2517 ῥῆσις,

239 2543 294 2607 ced
310 2551 343 2607 et
359 2542 392 2606 in
411 2545 485 2606 Act.
502 2560 532 2624 7.
549 2563 569 2605 a
585 2541 617 2605 S.
634 2539 753 2625 Cyrillo
778 2540 874 2604 Alex.
895 2540 995 2605 allata
1014 2549 1064 2605 eet
1085 2540 1117 2603 in
1136 2540 1291 2625 Apoioqet.

233 2666 294 2731 pcc
309 2643 475 2708 Duodecim
493 2642 662 2729 Cap-iiiior.
689 2643 758 2706 vid.
776 2653 854 2707 tom.
870 2644 913 2705 iii.
933 2643 1044 2706 θοαοίί.
1061 2666 1092 2727 p.
1112 2646 1185 2727 845.

285 2746 322 2808 P.
337 2748 389 2826 48.
405 2747 426 2810 l.
442 2767 471 2831 3.
486 2746 541 2809 Ἐκ
557 2750 610 2809 τοῦ
623 2746 690 2827 περὶ
705 2749 755 2823 τῆς
771 2750 906 2826 Σωτῆρος
920 2746 993 2828 dte]
1027 2746 1141 2809 Graeea
1163 2744 1294 2828 hujusce

242 2846 393 2932 Excerpti
410 2848 591 2932 deprompsi
607 2869 646 2911 ex
662 2847 834 2931 exemplari
845 2847 968 2911 Leootii
977 2847 1150 2930 Byzantioi
1164 2846 1292 2929 scripto,

240 2949 325 3031 quod
352 2948 545 3013 bibliotheca
570 2949 746 3012 Bodleiano
772 2957 883 3022 tenet3
920 2970 993 3011 narn
1022 2948 1136 3012 Latine
1165 2954 1294 3011 tantum

240 3051 345 3118 adhue
359 3051 481 3115 editum
496 3060 545 3117 eet
563 3050 687 3115 Leontii
706 3053 820 3115 Contra
834 3050 1042 3134 Eutychianos
1056 3060 1085 3113 et
1099 3050 1296 3113 Natoriarroe

241 3179 334 3243 apua.

269 3248 369 3324 ¹Ibid.
386 3260 406 3324 l.
422 3281 453 3338 4.
471 3259 615 3340 φιλήματι
629 3259 682 3321 τὸν
696 3258 761 3322 υἱὸν
780 3263 833 3322 τοῦ
852 3260 1009 3339 ἀνθρώπου
1025 3259 1191 3339 nmaidei
1201 3256 1229 3343 ς]
1254 3258 1295 3319 In

240 3362 364 3427 Leontii
393 3362 664 3447 interpretatione
700 3360 830 3439 Latina,
865 3383 960 3445 quam
996 3366 1153 3444 praestant
1187 3358 1295 3423 muita}

241 3465 375 3528 Patrem
399 3462 602 3540 Bibliotheca,
632 3462 728 3527 οοοιιίο
745 3464 857 3547 filiam
884 3464 945 3526 Dei
970 3464 1094 3527 tradit?
1128 3468 1295 3525 exaratum

242 3574 301 3631 eet.
347 3566 392 3631 Et
419 3566 559 3629 codicem
581 3566 709 3650 quidem
732 3566 897 3630 Ruseicnm
920 3566 1140 3650 eooaqeliorom
1161 3585 1296 3628 comme-

242 3676 348 3734 morat
363 3670 399 3733 cl.
419 3669 578 3743 Matthaei,
595 3669 626 3732 in
643 3691 706 3753 qno
721 3677 813 3732 extat
829 3672 881 3731 τοῦ
896 3673 979 3733 Θεοῦ
992 3690 1050 3752 pro
1064 3672 1117 3730 τοῦ
1130 3667 1295 3747 ἀνθρώπου.

243 3772 307 3837 Sed
336 3794 411 3837 vero
442 3773 575 3835 Petrum
605 3794 715 3835 revera
744 3771 899 3835 invenisse
928 3776 981 3834 τοῦ
1006 3772 1171 3851 ἀνθρώπου,
1198 3778 1297 3855 atquo

243 3875 372 3951 Latina,
396 3898 458 3939 non
486 3876 608 3949 Grada,
631 3896 699 3938 esse
722 3884 883 3959 corrupta,
906 3873 1080 3937 censebunt
1101 3894 1219 3947 amaea
1243 3872 1296 3957 qni

242 3977 339 4041 verba
360 3978 517 4042 attentius
539 3976 818 4051 consideraverint,
840 3976 953 4061 quibua
973 3997 1078 4039 veram
1098 3974 1217 4039 Ghristi
1240 3974 1297 4038 hn-

243 4080 558 4157 manitatem,ei1nul
584 4088 681 4164 atque
704 4079 868 4143 Deitatem
891 4080 970 4164 ejus,
993 4078 1080 4142 iilam
1107 4076 1233 4161 quidem
1257 4099 1297 4140 ex

244 4181 423 4246 Servatorie
440 4182 500 4245 hoe
522 4182 618 4255 dioto,
642 4181 825 4257 hanovere,
849 4192 885 4246 nt
904 4179 1121 4266 argumentari
1143 4200 1212 4241 mos
1226 4177 1296 4255 suit,

244 4306 284 4349 ex
322 4283 482 4349 miraculis
514 4285 591 4370 ejus,
627 4285 675 4347 vir
710 4292 840 4348 sanctus
870 4284 1006 4369 probare
1040 4302 1208 4367 aggressae
1237 4288 1297 4343 eet.

245 4388 396 4453 Ceterum
416 4388 543 4474 Angeia
562 4386 649 4451 Maio
671 4387 811 4471 ejusdem
836 4385 961 4451 Leontii
982 4393 1096 4449 contra
1120 4382 1297 4465 Menophy-
