3242 5150
254 409 309 474 IN
332 408 552 473 CANONES
575 409 825 474 ANCYRAN.
848 410 915 476 ET
938 413 1166 478 NEOCAES.'
1192 415 1259 482 237

206 582 323 648 debant,
339 579 426 640 simul
447 591 478 640 et
499 581 640 660 baptizari
655 593 687 642 et
707 584 779 644 mori
803 580 945 654 volentes,
959 605 997 645 ne
1018 584 1187 664 postillam
1210 607 1258 648 ac·

206 690 322 755 ceptum
347 697 448 736 rursus
470 688 639 757 peccarent:
672 681 844 758 pervulgato
866 680 976 758 quippe
997 678 1056 738 illis
1079 681 1261 759 temporibus

207 795 303 834 errore
317 775 442 854 decepti,
457 773 664 833 existimabant
678 794 695 832 a
709 786 827 853 peracto
841 775 986 853 baptismo
1000 774 1087 832 vitam
1101 775 1261 835 immunem

207 870 245 932 ab
268 873 347 928 omni
368 870 454 949 lapsu
478 869 597 946 requiri,
619 889 674 929 nec
694 870 784 930 ullam
808 870 1044 947 delinquentibus
1066 871 1261 948 expiationem

208 965 293 1024 aliam
313 964 451 1044 deinceps
469 965 609 1042 reliquam
633 985 708 1025 esse:
732 967 779 1026 cui
800 967 931 1043 opinioni
950 985 1065 1026 causam
1085 965 1166 1025 dedit
1185 967 1260 1026 male

209 1061 375 1122 intellectus
386 1063 425 1121 Ι).
438 1061 522 1121 Pauli
534 1061 615 1120 locus
626 1061 662 1120 ad
675 1062 818 1122 Hebraeos
827 1083 892 1142 cap.
903 1063 942 1120 ri.
951 1081 981 1136 4.
992 1063 1147 1140 quostiam
1158 1063 1190 1121 N
1191 1084 1260 1122 ora-

210 1159 281 1218 tiani
297 1161 451 1218 abutentes
470 1159 558 1238 lapsis
572 1158 691 1218 omnino
705 1159 819 1218 veniam
839 1159 1033 1237 denegabant:
1055 1157 1098 1216 sic
1115 1158 1263 1217 Constan-

209 1258 290 1316 tinus
313 1256 390 1335 Imp.
413 1267 546 1315 extremo
569 1255 636 1314 vitra
661 1275 720 1314 suas
740 1267 883 1335 tempore,
906 1257 942 1313 ab
966 1255 1097 1314 Eusebio
1120 1255 1260 1316 Nicome-

208 1352 302 1414 diensi
324 1353 460 1432 episcopo
481 1352 646 1431 baptizatus
667 1361 722 1421 est,
738 1362 772 1411 ut
792 1361 897 1431 practer
920 1351 1083 1410 Eusebium
1103 1352 1154 1410 lib.
1166 1353 1205 1411 ir.
1223 1353 1260 1412 de

210 1451 274 1527 ejus
288 1450 362 1508 Vita
374 1469 437 1528 cap.
446 1450 495 1508 62.
514 1449 564 1508 alii
578 1449 666 1508 etiam
681 1447 876 1507 Ecclesiastici
893 1448 1048 1527 scriptores
1066 1449 1259 1517 tradiderunt,

211 1548 325 1606 Socrat.
340 1547 390 1607 lib.
406 1548 426 1605 i.
447 1567 510 1626 cap.
528 1547 575 1605 26.
599 1546 745 1606 Theodor.
762 1545 849 1604 libi.
872 1566 933 1622 cap.
948 1563 999 1620 32.
1024 1545 1143 1606 Sonom.
1165 1545 1216 1605 lib.
1228 1546 1261 1607 ii.

212 1665 274 1723 cap.
288 1661 336 1719 34.
360 1643 560 1723 Hieronymus
582 1644 614 1701 in
636 1643 791 1710 Chronico,
807 1653 838 1702 et
857 1642 984 1721 Nicepb.
998 1642 1050 1701 lib.
1058 1642 1121 1700 viii.
1134 1661 1198 1723 cap.
1210 1658 1262 1719 54.¹

212 1741 402 1801 Constantius
416 1741 502 1800 etiarn
518 1741 645 1800 moriens
659 1739 754 1799 soluit
767 1740 906 1818 baptisari
919 1740 1089 1810 ἀποθνῆσκον
1099 1742 1176 1812 ἔδοξε
1189 1745 1261 1807 βπ.

211 1842 337 1909 vicecom,
360 1847 394 1897 ut
416 1837 502 1897 docet
521 1835 702 1895 Athanasius
723 1836 760 1895 de
780 1836 900 1916 synodis
913 1836 1042 1895 Arimini
1060 1848 1092 1895 et
1109 1837 1260 1900 Seleuciae.

103 2003 106 2008 ¹
213 1935 294 1994 Idem
314 1934 352 1993 de
373 1933 540 1993 Theodosio
554 1934 667 2011 Magno
685 1933 775 1992 tradit
795 1932 971 1992 Ambrosius
990 1934 1021 1990 in
1039 1936 1123 1992 Orat.
1144 1933 1181 1992 de
1198 1935 1263 2011 ejus

212 2033 306 2098 obitu,
321 2043 352 2090 et
366 2031 499 2090 Socrates
514 2031 604 2090 libr.
620 2032 721 2107 cap.6.
764 2031 856 2089 Hunc
870 2050 939 2089 vero
957 2029 1126 2090 clinicorum
1141 2050 1262 2101 morem,

213 2129 295 2189 etin
315 2127 499 2207 suscipiendo
519 2128 664 2206 baptismo
688 2127 869 2194 dilationem,
888 2128 992 2187 acriter
1012 2128 1263 2207 reprehenderunt

213 2222 367 2282 orthodoxi
388 2233 494 2302 patres.
536 2223 738 2284 Tertullianus
758 2224 800 2283 lib
821 2224 858 2283 de
878 2224 986 2284 Poenit.
1010 2228 1098 2283 Omne
1116 2235 1262 2303 meteres,

213 2320 319 2398 inquit.
343 2319 525 2378 cunctationis
544 2330 571 2379 et
592 2321 826 2400 tergiversationis
849 2341 916 2396 ergo
937 2322 1130 2400 poeru'tertiom
1154 2324 1262 2394 vitium,

211 2420 387 2492 presumptio
402 2419 572 2476 intinctionis
589 2417 740 2492 importat:
763 2422 832 2475 certi
846 2421 918 2474 enim
937 2421 1098 2477 indubitata
1115 2424 1201 2478 senia
1215 2423 1263 2478 de·

214 2513 352 2581 lictorum,
366 2515 484 2570 medium
506 2523 610 2591 tempus
629 2518 740 2575 interim
752 2515 905 2592 frerentur,
920 2525 946 2574 et
960 2525 1139 2576 courmrctum
1151 2520 1205 2577 ribi
1211 2519 1264 2596 fo·

211 2615 287 2669 ciunt
305 2612 485 2687 delmquerrdr'.
508 2613 630 2690 Gregor.
650 2613 859 2672 Nazianzenus
878 2614 962 2672 Orat.
981 2614 1012 2670 in
1029 2626 1162 2673 sanctum
1182 2616 1262 2695 Bap-

214 2710 309 2776 tisma,
333 2711 511 2785 Baptisemur
530 2710 618 2776 hodie,
636 2729 670 2767 ne
688 2728 751 2767 erar
770 2713 797 2767 vi
818 2713 914 2785 utiquo
933 2710 1036 2784 majore
1052 2730 1207 2789 cogamur.-
1228 2734 1266 2771 ne

215 2806 374 2882 beneficium
388 2816 519 2881 tunquam
534 2805 665 2879 injuriam
677 2825 869 2883 prorogemus,
885 2827 934 2865 nec
947 2815 1119 2885 expectemus
1132 2815 1165 2865 ut
1178 2809 1265 2885 pluro

210 2912 326 2981 perroto
350 2923 536 2979 congeramus,
560 2922 613 2978 quo
632 2906 717 2979 plura
740 2906 817 2961 nobis
838 2906 1042 2963 coadorentur.-
1072 2924 1123 2963 uec
1144 2909 1265 2979 gruaimi

216 3020 300 3060 onere
315 3021 476 3077 premamur·
489 3019 572 3075 quom
590 3003 662 3057 vires
679 3009 778 3058 nostre
787 3000 871 3076 serre
884 3009 994 3076 queunt,
1006 3021 1040 3059 oc
1053 3022 1110 3059 uno
1124 3022 1185 3060 cum
1200 3006 1265 3062 soci

214 3100 295 3169 aquis
308 3098 466 3163 obruuntur,
479 3116 512 3153 oc
526 3098 653 3171 baptismi
665 3099 789 3171 gratiam
803 3096 952 3172 naufropio
966 3099 1136 3165 omittamus,
1150 3116 1184 3154 oc
1199 3099 1266 3155 dum

213 3196 298 3267 pluro
312 3213 360 3269 spe
377 3203 462 3270 utque
479 3196 571 3251 anirno
589 3196 764 3271 mucipimur,
779 3196 872 3251 omnia
886 3196 1046 3269 perdemus,
1061 3196 1116 3253 dcc.
1151 3193 1199 3253 Da
1213 3194 1265 3253 cli-

217 3289 289 3349 nicis
307 3293 394 3349 etiam
415 3289 532 3367 quidam
553 3290 700 3368 accipiunt
722 3288 795 3347 illud
812 3289 853 3347 Ι).
863 3290 945 3348 Pauli
963 3310 976 3349 1
995 3291 1129 3350 Corinth.
1144 3312 1266 3371 capas.

220 3409 267 3466 σε),
282 3390 309 3443 τί
322 3389 480 3459 ποιήσουσιν
493 3390 518 3443 ol
531 3390 714 3456 βαπτιζόμενοι
729 3386 794 3459 ὑπὲρ
807 3392 860 3441 τῶν
873 3393 977 3461 νεκρῶν,
990 3392 1055 3462 quid
1059 3388 1173 3464 socient
1186 3392 1207 3446 ir'
1220 3394 1268 3465 qui

218 3488 392 3561 lurptisoutur
409 3502 463 3559 pro
483 3484 625 3541 mortuis?
646 3482 713 3541 Hoc
727 3492 781 3547 ast,
796 3496 832 3540 ut
852 3482 907 3562 ipsi
929 3496 1045 3563 putant,
1060 3487 1110 3563 qui
1128 3499 1266 3564 tanquam

208 3584 325 3643 -urortui
346 3582 407 3640 sire
429 3580 594 3639 moribundi
617 3580 810 3657 baptisantur.
851 3580 918 3658 Ego
942 3601 1021 3651 vero,
1046 3582 1127 3641 salvo
1147 3582 1267 3642 meliore

214 3680 336 3758 jndicio,
356 3678 431 3737 illud
450 3676 671 3755 intelligendum
693 3687 777 3754 puto,
792 3675 829 3734 de
849 3677 886 3735 iis
906 3678 967 3752 qui,
982 3698 1117 3757 perverso
1136 3699 1266 3755 quorun·

218 3774 284 3832 dam
299 3775 499 3833 haereticorum
519 3792 608 3839 more,
623 3772 686 3831 vica
705 3783 886 3830 mortuorum
905 3774 1133 3853 baptisabantur.
1176 3774 1268 3834 Hunc

219 3888 327 3930 morem
339 3870 449 3929 indicat
458 3869 645 3948 Epiphanius
656 3868 692 3929 de
707 3870 907 3929 Cerinthianis
916 3870 1039 3948 loquens
1052 3872 1153 3931 haeresi
1165 3873 1212 3931 28.
1225 3876 1268 3930 ml

205 3972 245 4027 ,sl
264 3970 432 4040 παραδόσεως
451 3971 558 4041 πρᾶγμα
577 3966 657 4037 ἦλθεν
670 3968 707 4024 ela
726 3966 801 4037 ἦμᾶι,
817 3968 852 4025 dr
870 3974 948 4024 τινίιν
959 3969 1007 4038 μίν
1023 3968 1083 4042 παρ’
1097 3970 1185 4027 αὐτοῖς
1203 3990 1270 4041 προ·

218 4065 371 4136 φθανόντων
383 4067 538 4133 τελευτῆσαι
551 4064 612 4119 ἄνευ
623 4066 816 4134 βαπτίσματος,
830 4065 929 4124 ἄλλους
941 4066 970 4120 δὲ
982 4063 1038 4119 ἀντ’
1048 4068 1134 4120 αὐτῶν
1142 4066 1180 4121 είε
1188 4064 1269 4134 ὄνομα

219 4160 320 4216 εἰιείνοιτ
332 4160 514 4229 βαπτίζεσθαι,
529 4162 594 4233 trip
607 4165 654 4217 τοῦ
667 4162 702 4231 μὴ
716 4161 744 4217 ίν
758 4165 790 4230 τῇ
803 4162 949 4217 ἀναστάσει
961 4162 1159 4231 τίνοστησάνται
1176 4162 1270 4217 αὐτοὺς

219 4258 291 4327 δίκην
305 4261 394 4315 δοῦναι
407 4257 539 4331 τιμωρίαι,
553 4260 690 4329 βάπτισμα
703 4260 738 4329 μὴ
751 4261 902 4332 εἰληφότος.
936 4258 972 4317 ld
986 4258 1072 4317 etium
1085 4258 1269 4315 Marcionltoe

221 4364 321 4431 postes
339 4355 520 4420 factitarunt,
536 4351 701 4431 exemplum
717 4354 794 4413 forte
811 4375 829 4413 a
848 4355 1045 4416 Cerinthianis
1062 4352 1206 4412 mutuati:
1228 4352 1270 4410 sic
