3242 5150
180 397 181 402 Ἰ
290 407 324 471 S.
343 407 474 471 DION.
497 406 644 471 ALEX.
670 405 878 470 EXCERP.
900 406 1186 471 NICETIANA.
1218 410 1282 472 445

231 585 306 658 θῶν
324 581 382 657 καὶ
398 578 611 675 θαυμασίων
623 577 737 656 οὐδέν·
760 578 892 656 8Ἀλλ’
908 576 942 656 ε’ί
950 609 985 656 τι
998 574 1148 677 ἀγαθὸν,
1161 579 1281 674 αὐτοῦ,

231 711 388 791 misire
406 708 530 806 καλὸν,
549 711 632 811 παρ’
652 712 771 806 αὐτοῦ,
790 713 908 816 φησὶν
926 711 946 789 ὁ
961 711 1155 814 Ζαχαρίας.
1184 710 1226 790 τό
1244 743 1282 790 τε

231 845 404 944 σύστημα
431 847 490 924 καὶ
517 843 560 924 τὸ
587 850 768 946 πληρῶμα
787 850 861 924 τῶν
883 846 1019 945 ἀρετῶν
1041 842 1203 948 ἐξέκοψε,
1222 845 1282 922 καὶ

230 977 417 1083 προεφάνη
435 980 518 1081 παρ’
540 979 657 1058 αι’σοΐι.
686 976 741 1057 διὸ
760 980 819 1056 καὶ
836 975 959 1061 πάσας
976 975 1204 1075 ὁμοθυμαδὸν
1218 1011 1281 1057 πε·

203 1113 525 1216 5ριλαμβιίνοντεο,
549 1116 608 1193 καὶ
632 1113 710 1192 καθ’
736 1112 895 1211 ἑκάστην
919 1113 1136 1216 διορίζοντες,
1154 1116 1277 1192 ἀνατι·

231 1247 356 1327 θεὀισιν
375 1249 481 1353 αὐτῷ,
500 1249 558 1325 καὶ
580 1245 728 1348 πρώτην
753 1278 796 1345 γε
814 1243 881 1343 τὴν
902 1245 1088 1350 σοφίαν,ἣ
1112 1253 1276 1347 πρεσβυ-

230 1379 320 1478 τοίτη
348 1383 406 1459 καὶ
433 1382 682 1482 προηγουμένη
710 1384 782 1457 τῶν
810 1378 948 1474 ἄλλων,
977 1379 1015 1456 ἐν
1037 1379 1121 1477 ἡμῖν
1147 1380 1281 1481 γίνεται

230 1513 354 1617 ὥσπερ
372 1513 547 1613 θεμέλιος,
565 1521 639 1597 τοῖς
659 1519 799 1597 λοιποῖς
821 1513 1169 1611 ε’ποικοδομονμένοιο
1187 1515 1278 1594 ὑπο·

231 1646 383 1748 κειμένη·
411 1651 459 1732 ὡς
478 1647 550 1751 γὰρ
567 1645 675 1747 μόνος
693 1644 829 1749 ἀγαθός
845 1647 956 1742 ἐστιν,
972 1650 1065 1725 οὕτω
1079 1650 1138 1727 καὶ
1150 1646 1278 1754 σόφος·

187 1761 242 1850 ¹0t
254 1780 318 1865 Eis
335 1780 417 1885 γὰρ,
437 1785 563 1886 φησὶν,
582 1783 662 1862 ἐστὶ
679 1779 839 1878 δυνατὸς,
861 1779 979 1886 σόφοο
991 1780 1151 1900 σφόδρα,
1164 1781 1276 1881 καθή-

230 1949 335 2013 μενος
362 1918 421 1996 ε’πὶ
451 1915 581 2019 θρόνον
608 1917 729 1994 αὐτοῦ.
762 1917 821 1993 καὶ
845 1912 911 2014 τὴν
938 1915 1065 2012 αἰτίαν,
1093 1918 1136 1994 δι’
1165 1916 1211 2015 ἦν
1237 1916 1280 1997 τὸ

230 2049 411 2154 ἐξαίρετον
441 2050 537 2154 αὐτῷ
564 2049 753 2126 τοῦτοκαὶ
784 2046 961 2145 μονοειδὲς
989 2050 1142 2154 ἧψεν
1155 2047 1279 2148 ὄνομα,

229 2181 454 2283 προσέθηκεν
470 2180 589 2278 εἰπὼν,
609 2180 764 2284 1’Κύριος
787 2180 894 2266 αὐτὸς·
915 2181 1056 2263 ἔκτισεν
1080 2183 1201 2284 αὐτὴν,
1221 2189 1280 2265 καὶ

228 2316 469 2422 ἐξηρίθμησεν
494 2313 614 2414 αὐτὴν,
634 2318 692 2394 καὶ
716 2315 854 2420 ε’ξέχεεν
879 2314 991 2415 αὐτὴν
1008 2319 1067 2396 ἐπὶ
1089 2316 1209 2397 πάντα
1233 2318 1280 2398 τὰ

185 2473 219 2531 ¹⁵
230 2450 318 2551 ἔργα
335 2453 455 2530 αὑτοῦ.

288 2590 361 2666 Καὶ
383 2590 440 2667 ε’πὶ
464 2586 597 2687 ταύτην
622 2587 714 2685 η’μᾶο
736 2584 803 2685 τὸν
829 2589 1007 2687 μακαρίαν
1033 2588 1229 2689 ἐπίγνωσιν
1257 2591 1277 2666 ὁ

232 2719 376 2825 Βαρούχ
388 2719 591 2823 παρεκάλει,
606 2721 734 2822 λέγων,
755 2733 770 2765 ¹
784 2720 892 2800 Μάθε
908 2729 979 2801 ποῦ
993 2724 1072 2801 ἐστὶ
1090 2721 1278 2828 φρόνησις,

230 2953 530 3021 undeadnosfluxit;
554 2974 663 3018 rerum.
680 2954 727 3011 Si·
779 2964 833 3019 est,
869 2953 910 3011 ita
944 2954 1032 3012 etism
1069 2955 1184 3034 sepiens
1222 2968 1276 3021 est,

231 3033 391 3112 quidboni,
409 3034 506 3111 inquit
522 3033 667 3093 Zach.ix.
685 3050 728 3107 17.
783 3033 866 3092 Unus
887 3033 970 3102 erim,
991 3034 1098 3111 iuquit,
1116 3043 1227 3113 poiens,
1250 3046 1278 3094 ιι

184 3131 222 3171 20
230 3114 325 3191 siquid
342 3113 458 3192 pulchri
480 3122 528 3181 eri,
549 3113 629 3172 iilius
649 3134 729 3173 omne
775 3113 903 3188 prudens
918 3114 1002 3172 valde
1014 3123 1065 3180 eu,
1079 3116 1178 3173 sedeur
1190 3136 1278 3195 nuper

229 3202 296 3260 eu,-
318 3193 354 3251 ab
368 3214 403 3253 eo
417 3194 493 3252 enim
508 3194 651 3253 virtutum
665 3215 728 3251 om·
777 3194 906 3251 thronum
921 3214 1019 3251 suum:
1038 3212 1211 3273 canumque
1225 3217 1276 3254 ex-

229 3274 275 3331 nis
293 3272 447 3351 plenitudo
465 3284 495 3331 et
510 3274 615 3332 chorus
633 3294 726 3333 emer·
777 3293 898 3351 ponens,
918 3292 970 3331 eur
986 3274 1126 3332 eximium
1148 3274 1203 3334 hoc
1224 3295 1276 3335 no·

229 3354 268 3411 sit
286 3364 316 3412 et
333 3364 570 3433 premonstratas
586 3365 639 3412 est.
675 3354 725 3413 Id·
777 3353 1038 3431 menetsingulure
1046 3353 1089 3411 illi
1099 3355 1276 3425 attribuerit,

229 3433 305 3491 circo
334 3434 382 3510 qui
411 3453 512 3491 omnes
535 3434 622 3492 simul
647 3455 726 3493 com-
777 3432 908 3491 subdidit
929 3433 1038 3503 dicens,
1057 3434 1199 3492 Dominus
1219 3435 1277 3510 ipre

181 3520 219 3585 25
230 3512 407 3589 plectuntur,
418 3524 448 3571 et
456 3512 724 3589 sigillatimensde-
776 3512 885 3570 crenvii
920 3533 990 3582 enm,
1025 3522 1051 3571 ει
1088 3514 1276 3573 dinumeravit
1361 3552 1367 3559 ·

230 3591 345 3659 finiunt,
372 3591 438 3651 Deo
462 3593 527 3651 illas
550 3594 726 3662 attribuunt,
777 3611 849 3669 earn,
865 3601 891 3650 et
906 3592 1006 3671 effudit
1021 3614 1082 3652 enm
1090 3598 1276 3671 superomnia

229 3692 262 3730 uc
293 3671 426 3750 inprimis
458 3671 575 3749 quidem
611 3674 725 3751 sapien·
776 3692 862 3749 opera
876 3693 941 3730 ινα.

228 3752 309 3818 tium,
332 3772 397 3829 quae
422 3753 569 3829 antiquior
593 3763 623 3811 et
655 3773 726 3831 pue.
820 3750 936 3810 Beruch
955 3752 1042 3809 etiem
1063 3752 1099 3810 nd
1120 3752 1195 3811 hune
1209 3754 1275 3813 bes·

228 3834 352 3890 stantior
363 3832 437 3902 eliis,
448 3832 479 3890 in
491 3832 574 3890 nobis
588 3843 724 3908 tsrrqunm
777 3842 836 3889 tam
851 3831 1044 3908 cognitionem
1059 3852 1113 3891 nos
1131 3833 1275 3901 hortatur,

180 3912 450 3979 soiundnmentum
480 3910 585 3989 reliqui
613 3912 725 3971 oedifieii
777 3910 885 3980 dicens,
902 3910 989 3969 Disce
1002 3912 1050 3970 ubi
1063 3916 1100 3970 sii
1112 3914 1273 3991 prudentia,

228 3991 447 4068 superstruendi
466 3991 572 4051 evadit.
615 3992 727 4063 Quem.
778 3990 870 4048 ubisit
881 3995 980 4053 uirtus.
991 3992 1039 4051 ubi
1047 3997 1084 4051 sit
1096 3993 1252 4067 intellectus
1259 4018 1273 4061 ,·

229 4069 383 4128 admodum
412 4072 489 4129 enim
523 4070 602 4131 solus
633 4072 728 4130 bonus
778 4080 809 4128 ιιι
828 4071 1003 4129 sciassimul
1020 4070 1069 4131 ubi
1083 4073 1275 4152 diiungitur.

359 4281 496 4329 uzinhux.
512 4294 548 4342 ιη.
904 4280 1082 4330 tuosissimus
1093 4281 1142 4329 uu.

360 4372 375 4401 ¹¹
388 4362 473 4423 Ejusd.
485 4363 500 4409 i.
513 4378 537 4426 9.
898 4371 912 4401 ¹
926 4360 1031 4409 Buruch.
1039 4361 1073 4408 iii.
1089 4374 1126 4421 14,
1139 4376 1174 4422 ¹⁵·
