<?xml version="1.0" encoding="UTF-8"?>
<!DOCTYPE html PUBLIC "-//W3C//DTD XHTML 1.0 Transitional//EN"
    "http://www.w3.org/TR/xhtml1/DTD/xhtml1-transitional.dtd">
<html xmlns="http://www.w3.org/1999/xhtml" xml:lang="en" lang="en">
 <head>
  <title>
</title>
<meta http-equiv="Content-Type" content="text/html;charset=utf-8" />
  <meta name='ocr-system' content='tesseract 3.04.00' />
  <meta name='ocr-capabilities' content='ocr_page ocr_carea ocr_par ocr_line ocrx_word'/>
</head>
<body>
  <div class='ocr_page' id='page_1' title='image "./reliquiaesacrae12routgoog_0442.png"; bbox 0 0 3242 5150; ppageno 0'>
   <div class='ocr_carea' id='block_1_1' title="bbox 358 309 1075 378">
    <p class='ocr_par' dir='ltr' id='par_1_1' title="bbox 358 309 1075 378">
     <span class='ocr_line' id='line_1_1' title="bbox 358 309 1075 378; baseline -0.004 -1"><span class='ocrx_word' id='word_1_1' title='bbox 358 315 422 378; x_wconf 74' lang='lat'><strong>432</strong></span> <span class='ocrx_word' id='word_1_2' title='bbox 692 309 1075 374; x_wconf 78' lang='lat' dir='ltr'>ANNOTATIONES</span> 
     </span>
    </p>
   </div>
   <div class='ocr_carea' id='block_1_2' title="bbox 354 478 1417 4329">
    <p class='ocr_par' dir='ltr' id='par_1_2' title="bbox 356 478 1416 850">
     <span class='ocr_line' id='line_1_2' title="bbox 356 478 1414 567; baseline -0.003 -21"><span class='ocrx_word' id='word_1_3' title='bbox 356 481 469 567; x_wconf 75' lang='lat' dir='ltr'><strong>incipit</strong></span> <span class='ocrx_word' id='word_1_4' title='bbox 491 486 589 565; x_wconf 87' lang='lat' dir='ltr'><strong>caput</strong></span> <span class='ocrx_word' id='word_1_5' title='bbox 611 481 669 544; x_wconf 90' lang='lat' dir='ltr'><strong>ult.</strong></span> <span class='ocrx_word' id='word_1_6' title='bbox 693 480 747 544; x_wconf 90' lang='lat' dir='ltr'><strong>lib.</strong></span> <span class='ocrx_word' id='word_1_7' title='bbox 759 481 822 545; x_wconf 82' lang='lat' dir='ltr'><strong>xiv.</strong></span> <span class='ocrx_word' id='word_1_8' title='bbox 851 478 1037 544; x_wconf 65' lang='lat' dir='ltr'><strong>uncam</strong></span> <span class='ocrx_word' id='word_1_9' title='bbox 1054 480 1308 564; x_wconf 69' lang='lat' dir='ltr'><strong>Praepcmiono</strong></span> <span class='ocrx_word' id='word_1_10' title='bbox 1329 501 1414 564; x_wconf 77' lang='lat' dir='ltr'><strong>pnr-</strong></span> 
     </span>
     <span class='ocr_line' id='line_1_3' title="bbox 357 580 1416 668; baseline -0.001 -22"><span class='ocrx_word' id='word_1_11' title='bbox 357 583 457 648; x_wconf 89' lang='lat' dir='ltr'><strong>fixum</strong></span> <span class='ocrx_word' id='word_1_12' title='bbox 472 583 532 646; x_wconf 84' lang='lat' dir='ltr'><strong>boo</strong></span> <span class='ocrx_word' id='word_1_13' title='bbox 547 589 616 657; x_wconf 68' lang='grc' dir='ltr'><strong>θεάς</strong></span> <span class='ocrx_word' id='word_1_14' title='bbox 636 580 709 647; x_wconf 78' lang='grc' dir='ltr'><strong>Ὀτι</strong></span> <span class='ocrx_word' id='word_1_15' title='bbox 723 583 776 646; x_wconf 81' lang='grc' dir='ltr'><strong>οὐκ</strong></span> <span class='ocrx_word' id='word_1_16' title='bbox 791 583 936 646; x_wconf 74' lang='grc' dir='ltr'>ἐπίπονον</span> <span class='ocrx_word' id='word_1_17' title='bbox 950 584 990 668; x_wconf 70' lang='grc' dir='ltr'><strong>τῷ</strong></span> <span class='ocrx_word' id='word_1_18' title='bbox 1007 586 1078 667; x_wconf 69' lang='grc' dir='ltr'><strong>Θεῷ</strong></span> <span class='ocrx_word' id='word_1_19' title='bbox 1092 582 1127 645; x_wconf 81' lang='lat' dir='ltr'><strong>rb</strong></span> <span class='ocrx_word' id='word_1_20' title='bbox 1142 583 1334 663; x_wconf 75' lang='grc' dir='ltr'>ἐργάζεσθαι.</span> <span class='ocrx_word' id='word_1_21' title='bbox 1354 583 1416 645; x_wconf 76' lang='grc' dir='ltr'><strong>ἀπὸ</strong></span> 
     </span>
     <span class='ocr_line' id='line_1_4' title="bbox 358 681 1416 769; baseline 0 -20"><span class='ocrx_word' id='word_1_22' title='bbox 358 691 410 750; x_wconf 84' lang='grc' dir='ltr'><strong>τοῦ</strong></span> <span class='ocrx_word' id='word_1_23' title='bbox 435 685 535 749; x_wconf 78' lang='grc' dir='ltr'>αὐτοῦ.</span> <span class='ocrx_word' id='word_1_24' title='bbox 574 685 706 769; x_wconf 74' lang='lat' dir='ltr'><strong>Operum</strong></span> <span class='ocrx_word' id='word_1_25' title='bbox 727 704 851 748; x_wconf 67' lang='lat' dir='ltr'><strong>totamm</strong></span> <span class='ocrx_word' id='word_1_26' title='bbox 875 683 1056 748; x_wconf 72' lang='lat' dir='ltr'><strong>molitiem</strong></span> <span class='ocrx_word' id='word_1_27' title='bbox 1078 685 1146 748; x_wconf 74' lang='lat' dir='ltr'><strong>Do</strong></span> <span class='ocrx_word' id='word_1_28' title='bbox 1171 681 1356 748; x_wconf 74' lang='lat' dir='ltr'><strong>laboriosum</strong></span> <span class='ocrx_word' id='word_1_29' title='bbox 1377 707 1416 749; x_wconf 79' lang='grc' dir='ltr'><strong>οο</strong></span> 
     </span>
     <span class='ocr_line' id='line_1_5' title="bbox 358 785 883 850; baseline -0.004 0"><span class='ocrx_word' id='word_1_30' title='bbox 358 785 510 850; x_wconf 75' lang='grc' dir='ltr'>ηιοάσοθανι</span> <span class='ocrx_word' id='word_1_31' title='bbox 524 807 583 849; x_wconf 80' lang='lat' dir='ltr'><strong>ccc</strong></span> <span class='ocrx_word' id='word_1_32' title='bbox 597 807 665 850; x_wconf 78' lang='lat' dir='ltr'><strong>csso.</strong></span> <span class='ocrx_word' id='word_1_33' title='bbox 710 787 763 850; x_wconf 78' lang='lat' dir='ltr'><strong>Ec</strong></span> <span class='ocrx_word' id='word_1_34' title='bbox 776 785 883 849; x_wconf 77' lang='lat' dir='ltr'><strong>ecdem.</strong></span> 
     </span>
    </p>

    <p class='ocr_par' dir='ltr' id='par_1_3' title="bbox 354 884 1414 1068">
     <span class='ocr_line' id='line_1_6' title="bbox 405 884 1414 972; baseline 0 -21"><span class='ocrx_word' id='word_1_35' title='bbox 405 889 443 951; x_wconf 89' lang='grc' dir='ltr'><strong>Ρ.</strong></span> <span class='ocrx_word' id='word_1_36' title='bbox 455 906 530 968; x_wconf 83' lang='lat'>412.</span> <span class='ocrx_word' id='word_1_37' title='bbox 550 887 572 951; x_wconf 92' lang='lat' dir='ltr'><strong>l.</strong></span> <span class='ocrx_word' id='word_1_38' title='bbox 590 909 599 950; x_wconf 90' lang='grc' dir='ltr'>ι</span> <span class='ocrx_word' id='word_1_39' title='bbox 606 904 637 972; x_wconf 83' lang='lat'><strong>5.</strong></span> <span class='ocrx_word' id='word_1_40' title='bbox 662 885 739 968; x_wconf 68' lang='lat' dir='ltr'><strong>qu&#39;</strong></span> <span class='ocrx_word' id='word_1_41' title='bbox 755 886 1000 970; x_wconf 83' lang='grc' dir='ltr'>ἀναβάλλεσθαι]</span> <span class='ocrx_word' id='word_1_42' title='bbox 1022 884 1158 950; x_wconf 86' lang='lat' dir='ltr'><strong>Hesiodi</strong></span> <span class='ocrx_word' id='word_1_43' title='bbox 1171 885 1269 951; x_wconf 86' lang='lat' dir='ltr'><strong>verba</strong></span> <span class='ocrx_word' id='word_1_44' title='bbox 1283 903 1363 951; x_wconf 80' lang='lat' dir='ltr'><strong>sunt</strong></span> <span class='ocrx_word' id='word_1_45' title='bbox 1381 887 1414 950; x_wconf 92' lang='lat' dir='ltr'><strong>in</strong></span> 
     </span>
     <span class='ocr_line' id='line_1_7' title="bbox 354 985 609 1068; baseline 0 -18"><span class='ocrx_word' id='word_1_46' title='bbox 354 985 443 1068; x_wconf 82' lang='grc' dir='ltr'>Ἔργ.</span> <span class='ocrx_word' id='word_1_47' title='bbox 458 1008 523 1050; x_wconf 82' lang='lat' dir='ltr'><strong>rer.</strong></span> <span class='ocrx_word' id='word_1_48' title='bbox 534 987 609 1068; x_wconf 90' lang='lat'><strong>408.</strong></span> 
     </span>
    </p>

    <p class='ocr_par' dir='ltr' id='par_1_4' title="bbox 361 1083 1253 1272">
     <span class='ocr_line' id='line_1_8' title="bbox 491 1083 1253 1166; baseline -0.003 -15"><span class='ocrx_word' id='word_1_49' title='bbox 491 1085 567 1166; x_wconf 60' lang='lat' dir='ltr'><strong>Mqo&#39;</strong></span> <span class='ocrx_word' id='word_1_50' title='bbox 585 1085 819 1166; x_wconf 78' lang='grc' dir='ltr'>ἀναβάλλεσθαι</span> <span class='ocrx_word' id='word_1_51' title='bbox 834 1088 876 1153; x_wconf 73' lang='grc' dir='ltr'><strong>εἰς</strong></span> <span class='ocrx_word' id='word_1_52' title='bbox 890 1083 1005 1166; x_wconf 80' lang='grc' dir='ltr'>οὔριον,</span> <span class='ocrx_word' id='word_1_53' title='bbox 1019 1088 1061 1152; x_wconf 80' lang='grc' dir='ltr'><strong>εἷς</strong></span> <span class='ocrx_word' id='word_1_54' title='bbox 1075 1083 1100 1148; x_wconf 86' lang='grc' dir='ltr'><strong>τ’</strong></span> <span class='ocrx_word' id='word_1_55' title='bbox 1117 1086 1253 1166; x_wconf 78' lang='grc' dir='ltr'>ἔννηφιν.</span> 
     </span>
     <span class='ocr_line' id='line_1_9' title="bbox 361 1187 591 1272; baseline -0.009 -21"><span class='ocrx_word' id='word_1_56' title='bbox 361 1187 424 1270; x_wconf 76' lang='lat' dir='ltr'><strong>Qui</strong></span> <span class='ocrx_word' id='word_1_57' title='bbox 438 1187 591 1272; x_wconf 86' lang='lat' dir='ltr'><strong>sequitur,</strong></span> 
     </span>
    </p>

    <p class='ocr_par' dir='ltr' id='par_1_5' title="bbox 362 1287 1412 1576">
     <span class='ocr_line' id='line_1_10' title="bbox 491 1287 1289 1371; baseline -0.004 -17"><span class='ocrx_word' id='word_1_58' title='bbox 491 1292 557 1354; x_wconf 78' lang='grc' dir='ltr'>Αἰεὶ</span> <span class='ocrx_word' id='word_1_59' title='bbox 572 1288 596 1354; x_wconf 80' lang='grc' dir='ltr'><strong>θ’</strong></span> <span class='ocrx_word' id='word_1_60' title='bbox 613 1289 815 1371; x_wconf 77' lang='grc' dir='ltr'>ἀμβολιεργὸς</span> <span class='ocrx_word' id='word_1_61' title='bbox 829 1288 887 1352; x_wconf 79' lang='lat' dir='ltr'><strong>&amp;c</strong></span> <span class='ocrx_word' id='word_1_62' title='bbox 932 1287 1017 1351; x_wconf 90' lang='lat' dir='ltr'><strong>Ibid.</strong></span> <span class='ocrx_word' id='word_1_63' title='bbox 1028 1306 1105 1366; x_wconf 80' lang='lat'><strong>411.</strong></span> <span class='ocrx_word' id='word_1_64' title='bbox 1144 1288 1289 1351; x_wconf 82' lang='lat' dir='ltr'><strong>Vrosaos.</strong></span> 
     </span>
     <span class='ocr_line' id='line_1_11' title="bbox 362 1387 1412 1476; baseline -0.006 -19"><span class='ocrx_word' id='word_1_65' title='bbox 362 1395 394 1459; x_wconf 73' lang='grc' dir='ltr'><strong>ἐς</strong></span> <span class='ocrx_word' id='word_1_66' title='bbox 415 1390 439 1454; x_wconf 88' lang='grc' dir='ltr'><strong>τ’</strong></span> <span class='ocrx_word' id='word_1_67' title='bbox 455 1390 558 1473; x_wconf 77' lang='grc' dir='ltr'>αὔριον</span> <span class='ocrx_word' id='word_1_68' title='bbox 579 1412 638 1476; x_wconf 88' lang='lat' dir='ltr'><strong>pro</strong></span> <span class='ocrx_word' id='word_1_69' title='bbox 661 1393 702 1457; x_wconf 76' lang='grc' dir='ltr'><strong>εἰς</strong></span> <span class='ocrx_word' id='word_1_70' title='bbox 723 1387 828 1472; x_wconf 72' lang='grc' dir='ltr'>αὔριον</span> <span class='ocrx_word' id='word_1_71' title='bbox 845 1411 888 1454; x_wconf 82' lang='lat' dir='ltr'><strong>ex</strong></span> <span class='ocrx_word' id='word_1_72' title='bbox 902 1390 999 1453; x_wconf 79' lang='lat' dir='ltr'><strong>MSto</strong></span> <span class='ocrx_word' id='word_1_73' title='bbox 1013 1387 1150 1473; x_wconf 80' lang='lat' dir='ltr'><strong>reposui.</strong></span> <span class='ocrx_word' id='word_1_74' title='bbox 1170 1387 1232 1452; x_wconf 77' lang='grc' dir='ltr'>ἐστ’</span> <span class='ocrx_word' id='word_1_75' title='bbox 1255 1387 1360 1469; x_wconf 73' lang='grc' dir='ltr'>αὔριον</span> <span class='ocrx_word' id='word_1_76' title='bbox 1380 1393 1412 1450; x_wconf 85' lang='lat' dir='ltr'><strong>ct</strong></span> 
     </span>
     <span class='ocr_line' id='line_1_12' title="bbox 363 1485 1312 1576; baseline -0.004 -18"><span class='ocrx_word' id='word_1_77' title='bbox 363 1492 425 1558; x_wconf 74' lang='grc' dir='ltr'>ἐστ’</span> <span class='ocrx_word' id='word_1_78' title='bbox 443 1493 569 1575; x_wconf 83' lang='grc' dir='ltr'>ἔννηφιν</span> <span class='ocrx_word' id='word_1_79' title='bbox 583 1491 669 1576; x_wconf 87' lang='lat' dir='ltr'><strong>apud</strong></span> <span class='ocrx_word' id='word_1_80' title='bbox 686 1485 867 1555; x_wconf 81' lang='lat' dir='ltr'><strong>Hesiodum</strong></span> <span class='ocrx_word' id='word_1_81' title='bbox 882 1491 1004 1556; x_wconf 86' lang='lat' dir='ltr'><strong>editam</strong></span> <span class='ocrx_word' id='word_1_82' title='bbox 1019 1511 1102 1555; x_wconf 89' lang='lat' dir='ltr'><strong>nnnc</strong></span> <span class='ocrx_word' id='word_1_83' title='bbox 1116 1497 1312 1575; x_wconf 81' lang='lat' dir='ltr'><strong>comparent</strong></span> 
     </span>
    </p>

    <p class='ocr_par' dir='ltr' id='par_1_6' title="bbox 362 1591 1414 1882">
     <span class='ocr_line' id='line_1_13' title="bbox 406 1591 1413 1676; baseline -0.003 -19"><span class='ocrx_word' id='word_1_84' title='bbox 406 1595 489 1658; x_wconf 89' lang='lat' dir='ltr'><strong>Ibid.</strong></span> <span class='ocrx_word' id='word_1_85' title='bbox 504 1594 524 1657; x_wconf 86' lang='lat' dir='ltr'><strong>l.</strong></span> <span class='ocrx_word' id='word_1_86' title='bbox 539 1595 586 1659; x_wconf 86' lang='lat'><strong>18.</strong></span> <span class='ocrx_word' id='word_1_87' title='bbox 601 1595 677 1673; x_wconf 79' lang='grc' dir='ltr'>ἡμᾶς</span> <span class='ocrx_word' id='word_1_88' title='bbox 691 1595 737 1676; x_wconf 84' lang='grc' dir='ltr'><strong>τε]</strong></span> <span class='ocrx_word' id='word_1_89' title='bbox 762 1591 838 1656; x_wconf 87' lang='lat' dir='ltr'><strong>For.</strong></span> <span class='ocrx_word' id='word_1_90' title='bbox 853 1594 929 1672; x_wconf 76' lang='grc' dir='ltr'>ἡμᾶς</span> <span class='ocrx_word' id='word_1_91' title='bbox 943 1593 987 1656; x_wconf 78' lang='grc' dir='ltr'><strong>δέ.</strong></span> <span class='ocrx_word' id='word_1_92' title='bbox 1009 1591 1156 1656; x_wconf 81' lang='lat' dir='ltr'><strong>Vlonaus.</strong></span> <span class='ocrx_word' id='word_1_93' title='bbox 1201 1593 1284 1656; x_wconf 85' lang='lat' dir='ltr'><strong>Mox</strong></span> <span class='ocrx_word' id='word_1_94' title='bbox 1304 1591 1413 1655; x_wconf 85' lang='lat' dir='ltr'><strong>addidi</strong></span> 
     </span>
     <span class='ocr_line' id='line_1_14' title="bbox 362 1693 1414 1779; baseline -0.005 -17"><span class='ocrx_word' id='word_1_95' title='bbox 362 1719 403 1762; x_wconf 76' lang='lat' dir='ltr'><strong>ex</strong></span> <span class='ocrx_word' id='word_1_96' title='bbox 432 1697 528 1760; x_wconf 68' lang='lat' dir='ltr'><strong>Moto</strong></span> <span class='ocrx_word' id='word_1_97' title='bbox 553 1704 648 1778; x_wconf 79' lang='grc' dir='ltr'>φησιν</span> <span class='ocrx_word' id='word_1_98' title='bbox 672 1703 746 1779; x_wconf 89' lang='lat' dir='ltr'><strong>post</strong></span> <span class='ocrx_word' id='word_1_99' title='bbox 767 1693 1001 1777; x_wconf 76' lang='grc' dir='ltr'>Ἐπικατάρατος</span> <span class='ocrx_word' id='word_1_100' title='bbox 1021 1694 1089 1776; x_wconf 85' lang='grc' dir='ltr'>γάρ.</span> <span class='ocrx_word' id='word_1_101' title='bbox 1135 1693 1414 1759; x_wconf 68' lang='lat' dir='ltr'><strong>consentientibus</strong></span> 
     </span>
     <span class='ocr_line' id='line_1_15' title="bbox 362 1794 981 1882; baseline -0.005 -20"><span class='ocrx_word' id='word_1_102' title='bbox 362 1819 446 1862; x_wconf 91' lang='lat' dir='ltr'><strong>nnnc</strong></span> <span class='ocrx_word' id='word_1_103' title='bbox 461 1805 590 1882; x_wconf 75' lang='lat' dir='ltr'><strong>quotuor</strong></span> <span class='ocrx_word' id='word_1_104' title='bbox 603 1795 726 1879; x_wconf 70' lang='lat' dir='ltr'><strong>scriptis</strong></span> <span class='ocrx_word' id='word_1_105' title='bbox 738 1794 981 1878; x_wconf 78' lang='lat' dir='ltr'><strong>Gcisscrdc&#39;oais.</strong></span> 
     </span>
    </p>

    <p class='ocr_par' dir='ltr' id='par_1_7' title="bbox 363 1895 1417 4329">
     <span class='ocr_line' id='line_1_16' title="bbox 406 1895 1414 1982; baseline -0.001 -21"><span class='ocrx_word' id='word_1_106' title='bbox 406 1898 446 1961; x_wconf 90' lang='lat' dir='ltr'><strong>P.</strong></span> <span class='ocrx_word' id='word_1_107' title='bbox 463 1916 537 1982; x_wconf 83' lang='lat'>413.</span> <span class='ocrx_word' id='word_1_108' title='bbox 561 1897 583 1961; x_wconf 86' lang='lat'><strong>1.</strong></span> <span class='ocrx_word' id='word_1_109' title='bbox 597 1918 629 1977; x_wconf 93' lang='lat'><strong>4.</strong></span> <span class='ocrx_word' id='word_1_110' title='bbox 657 1896 759 1980; x_wconf 80' lang='grc' dir='ltr'>ἀηθει]</span> <span class='ocrx_word' id='word_1_111' title='bbox 788 1896 893 1981; x_wconf 85' lang='lat' dir='ltr'>Vulgo</span> <span class='ocrx_word' id='word_1_112' title='bbox 918 1897 1039 1974; x_wconf 77' lang='grc' dir='ltr'>άληθέι,</span> <span class='ocrx_word' id='word_1_113' title='bbox 1063 1896 1121 1960; x_wconf 89' lang='lat' dir='ltr'><strong>sed</strong></span> <span class='ocrx_word' id='word_1_114' title='bbox 1148 1895 1318 1980; x_wconf 88' lang='lat' dir='ltr'><strong>legendnm</strong></span> <span class='ocrx_word' id='word_1_115' title='bbox 1342 1917 1414 1960; x_wconf 88' lang='lat' dir='ltr'><strong>cam</strong></span> 
     </span>
     <span class='ocr_line' id='line_1_17' title="bbox 363 1997 1413 2083; baseline -0.003 -20"><span class='ocrx_word' id='word_1_116' title='bbox 363 2000 459 2063; x_wconf 66' lang='lat' dir='ltr'><strong>Meo</strong></span> <span class='ocrx_word' id='word_1_117' title='bbox 482 1997 606 2082; x_wconf 71' lang='lat' dir='ltr'><strong>Ootlcpic&#39;</strong></span> <span class='ocrx_word' id='word_1_118' title='bbox 628 1997 812 2074; x_wconf 62' lang='lat' dir='ltr'><strong>mactas,</strong></span> <span class='ocrx_word' id='word_1_119' title='bbox 827 2005 926 2081; x_wconf 90' lang='lat' dir='ltr'><strong>prout</strong></span> <span class='ocrx_word' id='word_1_120' title='bbox 947 1998 1128 2082; x_wconf 83' lang='lat' dir='ltr'><strong>conjecerat</strong></span> <span class='ocrx_word' id='word_1_121' title='bbox 1151 1997 1294 2083; x_wconf 78' lang='lat' dir='ltr'><strong>Vigerns,</strong></span> <span class='ocrx_word' id='word_1_122' title='bbox 1316 1999 1413 2076; x_wconf 77' lang='grc' dir='ltr'>άηθεσ.</span> 
     </span>
     <span class='ocr_line' id='line_1_18' title="bbox 365 2099 1414 2185; baseline -0.001 -19"><span class='ocrx_word' id='word_1_123' title='bbox 365 2102 489 2166; x_wconf 87' lang='lat' dir='ltr'><strong>Favcnt</strong></span> <span class='ocrx_word' id='word_1_124' title='bbox 517 2109 577 2164; x_wconf 78' lang='lat' dir='ltr'><strong>tros</strong></span> <span class='ocrx_word' id='word_1_125' title='bbox 606 2100 692 2164; x_wconf 80' lang='lat' dir='ltr'><strong>codd.</strong></span> <span class='ocrx_word' id='word_1_126' title='bbox 720 2101 947 2185; x_wconf 72' lang='lat' dir='ltr'><strong>Gaisfcnic&#39;oai.</strong></span> <span class='ocrx_word' id='word_1_127' title='bbox 991 2101 1089 2165; x_wconf 87' lang='lat' dir='ltr'><strong>Unde</strong></span> <span class='ocrx_word' id='word_1_128' title='bbox 1114 2099 1192 2164; x_wconf 89' lang='lat' dir='ltr'><strong>mihi</strong></span> <span class='ocrx_word' id='word_1_129' title='bbox 1217 2100 1252 2164; x_wconf 93' lang='lat' dir='ltr'><strong>in</strong></span> <span class='ocrx_word' id='word_1_130' title='bbox 1274 2107 1414 2165; x_wconf 82' lang='lat' dir='ltr'><strong>mentem</strong></span> 
     </span>
     <span class='ocr_line' id='line_1_19' title="bbox 364 2201 1415 2286; baseline -0.001 -19"><span class='ocrx_word' id='word_1_131' title='bbox 364 2201 451 2267; x_wconf 90' lang='lat' dir='ltr'><strong>venit</strong></span> <span class='ocrx_word' id='word_1_132' title='bbox 474 2201 664 2286; x_wconf 80' lang='lat' dir='ltr'><strong>corrigentis</strong></span> <span class='ocrx_word' id='word_1_133' title='bbox 685 2202 723 2265; x_wconf 86' lang='lat' dir='ltr'><strong>cl.</strong></span> <span class='ocrx_word' id='word_1_134' title='bbox 744 2201 900 2280; x_wconf 84' lang='lat' dir='ltr'><strong>Forsteri,</strong></span> <span class='ocrx_word' id='word_1_135' title='bbox 916 2202 970 2286; x_wconf 87' lang='lat' dir='ltr'><strong>qui</strong></span> <span class='ocrx_word' id='word_1_136' title='bbox 988 2204 1031 2266; x_wconf 92' lang='lat' dir='ltr'><strong>ob</strong></span> <span class='ocrx_word' id='word_1_137' title='bbox 1051 2202 1167 2267; x_wconf 81' lang='lat' dir='ltr'><strong>merita</strong></span> <span class='ocrx_word' id='word_1_138' title='bbox 1187 2202 1221 2265; x_wconf 91' lang='lat' dir='ltr'><strong>in</strong></span> <span class='ocrx_word' id='word_1_139' title='bbox 1243 2201 1415 2266; x_wconf 88' lang='lat' dir='ltr'><strong>Platonem</strong></span> 
     </span>
     <span class='ocr_line' id='line_1_20' title="bbox 365 2301 1415 2388; baseline -0.003 -18"><span class='ocrx_word' id='word_1_140' title='bbox 365 2301 587 2370; x_wconf 86' lang='lat' dir='ltr'><strong>celeberrimus</strong></span> <span class='ocrx_word' id='word_1_141' title='bbox 609 2309 668 2380; x_wconf 86' lang='lat' dir='ltr'><strong>est,</strong></span> <span class='ocrx_word' id='word_1_142' title='bbox 684 2304 781 2367; x_wconf 86' lang='lat' dir='ltr'><strong>verba</strong></span> <span class='ocrx_word' id='word_1_143' title='bbox 802 2303 936 2388; x_wconf 81' lang='lat' dir='ltr'><strong>Josephi</strong></span> <span class='ocrx_word' id='word_1_144' title='bbox 958 2302 1101 2368; x_wconf 75' lang='lat' dir='ltr'><strong>historici</strong></span> <span class='ocrx_word' id='word_1_145' title='bbox 1123 2305 1163 2367; x_wconf 88' lang='lat' dir='ltr'><strong>dc</strong></span> <span class='ocrx_word' id='word_1_146' title='bbox 1182 2303 1321 2380; x_wconf 81' lang='lat' dir='ltr'><strong>Christo,</strong></span> <span class='ocrx_word' id='word_1_147' title='bbox 1337 2303 1415 2367; x_wconf 82' lang='grc' dir='ltr'>διδά-</span> 
     </span>
     <span class='ocr_line' id='line_1_21' title="bbox 366 2403 1414 2492; baseline -0.003 -23"><span class='ocrx_word' id='word_1_148' title='bbox 366 2414 479 2472; x_wconf 79' lang='grc' dir='ltr'>σκαλος</span> <span class='ocrx_word' id='word_1_149' title='bbox 493 2406 655 2486; x_wconf 75' lang='grc' dir='ltr'>ἀνθρώπων</span> <span class='ocrx_word' id='word_1_150' title='bbox 678 2410 736 2468; x_wconf 83' lang='grc' dir='ltr'>τῶν</span> <span class='ocrx_word' id='word_1_151' title='bbox 757 2406 848 2492; x_wconf 76' lang='grc' dir='ltr'>ἡδονῇ</span> <span class='ocrx_word' id='word_1_152' title='bbox 863 2404 888 2467; x_wconf 90' lang='grc' dir='ltr'><strong>τ’</strong></span> <span class='ocrx_word' id='word_1_153' title='bbox 903 2407 1000 2484; x_wconf 71' lang='grc' dir='ltr'>ἀληθῆ</span> <span class='ocrx_word' id='word_1_154' title='bbox 1022 2403 1203 2488; x_wconf 69' lang='grc' dir='ltr'>δεχομένων,</span> <span class='ocrx_word' id='word_1_155' title='bbox 1218 2404 1273 2467; x_wconf 86' lang='lat' dir='ltr'><strong>ubi</strong></span> <span class='ocrx_word' id='word_1_156' title='bbox 1293 2403 1317 2467; x_wconf 83' lang='lat' dir='ltr'><strong>r’</strong></span> <span class='ocrx_word' id='word_1_157' title='bbox 1338 2406 1414 2482; x_wconf 77' lang='grc' dir='ltr'><strong>ἀηθῆ</strong></span> 
     </span>
     <span class='ocr_line' id='line_1_22' title="bbox 365 2506 1412 2595; baseline -0.004 -22"><span class='ocrx_word' id='word_1_158' title='bbox 365 2509 470 2595; x_wconf 77' lang='lat' dir='ltr'><strong>legem</strong></span> <span class='ocrx_word' id='word_1_159' title='bbox 484 2529 542 2594; x_wconf 90' lang='lat' dir='ltr'><strong>pro</strong></span> <span class='ocrx_word' id='word_1_160' title='bbox 557 2506 581 2569; x_wconf 86' lang='grc' dir='ltr'><strong>τ’</strong></span> <span class='ocrx_word' id='word_1_161' title='bbox 597 2509 694 2586; x_wconf 80' lang='grc' dir='ltr'>ἀληθῆ</span> <span class='ocrx_word' id='word_1_162' title='bbox 708 2527 766 2570; x_wconf 86' lang='lat' dir='ltr'><strong>nos</strong></span> <span class='ocrx_word' id='word_1_163' title='bbox 780 2513 898 2585; x_wconf 88' lang='lat' dir='ltr'><strong>monet,</strong></span> <span class='ocrx_word' id='word_1_164' title='bbox 910 2514 945 2571; x_wconf 89' lang='lat' dir='ltr'><strong>et</strong></span> <span class='ocrx_word' id='word_1_165' title='bbox 959 2509 1054 2592; x_wconf 86' lang='lat' dir='ltr'><strong>paulo</strong></span> <span class='ocrx_word' id='word_1_166' title='bbox 1072 2513 1156 2591; x_wconf 88' lang='lat' dir='ltr'><strong>post,</strong></span> <span class='ocrx_word' id='word_1_167' title='bbox 1171 2513 1231 2571; x_wconf 77' lang='grc' dir='ltr'>τῶν</span> <span class='ocrx_word' id='word_1_168' title='bbox 1245 2508 1328 2570; x_wconf 73' lang='grc' dir='ltr'>ἰδίαν</span> <span class='ocrx_word' id='word_1_169' title='bbox 1341 2532 1412 2588; x_wconf 79' lang='grc' dir='ltr'>προ-</span> 
     </span>
     <span class='ocr_line' id='line_1_23' title="bbox 367 2609 1415 2695; baseline -0.003 -20"><span class='ocrx_word' id='word_1_170' title='bbox 367 2617 469 2694; x_wconf 82' lang='grc' dir='ltr'>φητῶν</span> <span class='ocrx_word' id='word_1_171' title='bbox 487 2632 546 2695; x_wconf 90' lang='lat' dir='ltr'><strong>pro</strong></span> <span class='ocrx_word' id='word_1_172' title='bbox 566 2609 620 2673; x_wconf 83' lang='lat' dir='ltr'><strong>iilo</strong></span> <span class='ocrx_word' id='word_1_173' title='bbox 641 2615 700 2673; x_wconf 82' lang='grc' dir='ltr'>τῶν</span> <span class='ocrx_word' id='word_1_174' title='bbox 715 2611 804 2673; x_wconf 81' lang='grc' dir='ltr'>θείων</span> <span class='ocrx_word' id='word_1_175' title='bbox 821 2611 983 2691; x_wconf 79' lang='grc' dir='ltr'>προφητῶν</span> <span class='ocrx_word' id='word_1_176' title='bbox 1001 2631 1173 2694; x_wconf 76' lang='lat' dir='ltr'><strong>reponere3</strong></span> <span class='ocrx_word' id='word_1_177' title='bbox 1198 2632 1269 2694; x_wconf 82' lang='lat' dir='ltr'><strong>qnoe</strong></span> <span class='ocrx_word' id='word_1_178' title='bbox 1286 2610 1415 2693; x_wconf 89' lang='lat' dir='ltr'><strong>quidem</strong></span> 
     </span>
     <span class='ocr_line' id='line_1_24' title="bbox 366 2709 1415 2797; baseline -0.002 -22"><span class='ocrx_word' id='word_1_179' title='bbox 366 2713 448 2789; x_wconf 85' lang='lat' dir='ltr'><strong>duae,</strong></span> <span class='ocrx_word' id='word_1_180' title='bbox 464 2711 615 2797; x_wconf 76' lang='lat' dir='ltr'><strong>opinatur</strong></span> <span class='ocrx_word' id='word_1_181' title='bbox 634 2710 683 2773; x_wconf 85' lang='lat' dir='ltr'><strong>vir</strong></span> <span class='ocrx_word' id='word_1_182' title='bbox 702 2709 857 2787; x_wconf 87' lang='lat' dir='ltr'><strong>cruditus,</strong></span> <span class='ocrx_word' id='word_1_183' title='bbox 872 2710 1083 2776; x_wconf 85' lang='lat' dir='ltr'><strong>correctiones</strong></span> <span class='ocrx_word' id='word_1_184' title='bbox 1104 2711 1208 2775; x_wconf 88' lang='lat' dir='ltr'><strong>locum</strong></span> <span class='ocrx_word' id='word_1_185' title='bbox 1229 2710 1314 2773; x_wconf 90' lang='lat' dir='ltr'><strong>hunc</strong></span> <span class='ocrx_word' id='word_1_186' title='bbox 1335 2710 1415 2774; x_wconf 84' lang='lat' dir='ltr'><strong>satis</strong></span> 
     </span>
     <span class='ocr_line' id='line_1_25' title="bbox 367 2812 1415 2899; baseline -0.003 -20"><span class='ocrx_word' id='word_1_187' title='bbox 367 2822 474 2879; x_wconf 85' lang='lat' dir='ltr'><strong>tutum</strong></span> <span class='ocrx_word' id='word_1_188' title='bbox 495 2813 537 2877; x_wconf 95' lang='lat' dir='ltr'><strong>ab</strong></span> <span class='ocrx_word' id='word_1_189' title='bbox 559 2814 705 2877; x_wconf 89' lang='lat' dir='ltr'><strong>omnibus</strong></span> <span class='ocrx_word' id='word_1_190' title='bbox 726 2813 916 2877; x_wconf 81' lang='lat' dir='ltr'><strong>adversariis</strong></span> <span class='ocrx_word' id='word_1_191' title='bbox 937 2814 1018 2898; x_wconf 88' lang='lat' dir='ltr'><strong>ejus,</strong></span> <span class='ocrx_word' id='word_1_192' title='bbox 1032 2815 1175 2899; x_wconf 84' lang='lat' dir='ltr'><strong>adeoquo</strong></span> <span class='ocrx_word' id='word_1_193' title='bbox 1196 2812 1341 2897; x_wconf 88' lang='lat' dir='ltr'><strong>Josepho</strong></span> <span class='ocrx_word' id='word_1_194' title='bbox 1361 2835 1415 2897; x_wconf 92' lang='lat' dir='ltr'><strong>op-</strong></span> 
     </span>
     <span class='ocr_line' id='line_1_26' title="bbox 367 2913 1414 3000; baseline -0.001 -22"><span class='ocrx_word' id='word_1_195' title='bbox 367 2914 447 2978; x_wconf 91' lang='lat' dir='ltr'><strong>timo</strong></span> <span class='ocrx_word' id='word_1_196' title='bbox 466 2913 540 2999; x_wconf 90' lang='lat' dir='ltr'><strong>jure</strong></span> <span class='ocrx_word' id='word_1_197' title='bbox 553 2914 786 2991; x_wconf 85' lang='lat' dir='ltr'><strong>vindicandum,</strong></span> <span class='ocrx_word' id='word_1_198' title='bbox 805 2920 972 2999; x_wconf 73' lang='lat' dir='ltr'><strong>praestnnt.</strong></span> <span class='ocrx_word' id='word_1_199' title='bbox 1009 2914 1091 2979; x_wconf 89' lang='lat' dir='ltr'><strong>Vide</strong></span> <span class='ocrx_word' id='word_1_200' title='bbox 1110 2916 1253 3000; x_wconf 88' lang='lat' dir='ltr'><strong>ejusdem</strong></span> <span class='ocrx_word' id='word_1_201' title='bbox 1274 2915 1414 2979; x_wconf 85' lang='lat' dir='ltr'><strong>Dissert.</strong></span> 
     </span>
     <span class='ocr_line' id='line_1_27' title="bbox 368 3015 1415 3101; baseline 0.001 -24"><span class='ocrx_word' id='word_1_202' title='bbox 368 3015 408 3078; x_wconf 88' lang='lat' dir='ltr'><strong>de</strong></span> <span class='ocrx_word' id='word_1_203' title='bbox 422 3037 460 3078; x_wconf 94' lang='lat' dir='ltr'><strong>eo</strong></span> <span class='ocrx_word' id='word_1_204' title='bbox 474 3016 582 3099; x_wconf 82' lang='lat' dir='ltr'><strong>lingua</strong></span> <span class='ocrx_word' id='word_1_205' title='bbox 596 3015 764 3080; x_wconf 89' lang='lat' dir='ltr'><strong>vernacula</strong></span> <span class='ocrx_word' id='word_1_206' title='bbox 779 3016 1002 3101; x_wconf 75' lang='lat' dir='ltr'><strong>conscriptam.</strong></span> <span class='ocrx_word' id='word_1_207' title='bbox 1048 3015 1239 3081; x_wconf 87' lang='lat' dir='ltr'><strong>Villcisonus</strong></span> <span class='ocrx_word' id='word_1_208' title='bbox 1258 3024 1367 3080; x_wconf 86' lang='lat' dir='ltr'><strong>autem</strong></span> <span class='ocrx_word' id='word_1_209' title='bbox 1381 3016 1415 3078; x_wconf 93' lang='lat' dir='ltr'><strong>in</strong></span> 
     </span>
     <span class='ocr_line' id='line_1_28' title="bbox 368 3114 1415 3203; baseline 0.001 -25"><span class='ocrx_word' id='word_1_210' title='bbox 368 3114 518 3179; x_wconf 89' lang='lat' dir='ltr'><strong>Diatriba</strong></span> <span class='ocrx_word' id='word_1_211' title='bbox 528 3115 692 3179; x_wconf 68' lang='lat' dir='ltr'><strong>Amadoct</strong></span> <span class='ocrx_word' id='word_1_212' title='bbox 700 3117 765 3181; x_wconf 84' lang='lat' dir='ltr'><strong>suis</strong></span> <span class='ocrx_word' id='word_1_213' title='bbox 776 3118 1025 3182; x_wconf 65' lang='lat' dir='ltr'><strong>Groecrbanncxa</strong></span> <span class='ocrx_word' id='word_1_214' title='bbox 1036 3141 1067 3203; x_wconf 91' lang='lat' dir='ltr'><strong>p.</strong></span> <span class='ocrx_word' id='word_1_215' title='bbox 1077 3120 1216 3202; x_wconf 88' lang='lat'>69-71.</span> <span class='ocrx_word' id='word_1_216' title='bbox 1239 3117 1415 3202; x_wconf 88' lang='lat' dir='ltr'><strong>Josephum</strong></span> 
     </span>
     <span class='ocr_line' id='line_1_29' title="bbox 367 3216 1414 3305; baseline 0.002 -24"><span class='ocrx_word' id='word_1_217' title='bbox 367 3216 501 3281; x_wconf 77' lang='lat' dir='ltr'><strong>subinde</strong></span> <span class='ocrx_word' id='word_1_218' title='bbox 515 3216 743 3300; x_wconf 84' lang='lat' dir='ltr'><strong>interpolatum</strong></span> <span class='ocrx_word' id='word_1_219' title='bbox 756 3218 854 3285; x_wconf 84' lang='lat' dir='ltr'><strong>fuisse</strong></span> <span class='ocrx_word' id='word_1_220' title='bbox 864 3227 972 3285; x_wconf 88' lang='lat' dir='ltr'><strong>censet</strong></span> <span class='ocrx_word' id='word_1_221' title='bbox 986 3219 1113 3284; x_wconf 86' lang='lat' dir='ltr'><strong>scholiis</strong></span> <span class='ocrx_word' id='word_1_222' title='bbox 1124 3218 1300 3284; x_wconf 76' lang='lat' dir='ltr'><strong>Christiani</strong></span> <span class='ocrx_word' id='word_1_223' title='bbox 1312 3220 1414 3305; x_wconf 87' lang='lat' dir='ltr'><strong>cujus·</strong></span> 
     </span>
     <span class='ocr_line' id='line_1_30' title="bbox 367 3318 1415 3405; baseline -0.001 -20"><span class='ocrx_word' id='word_1_224' title='bbox 367 3319 454 3405; x_wconf 88' lang='lat' dir='ltr'><strong>piam</strong></span> <span class='ocrx_word' id='word_1_225' title='bbox 468 3318 597 3384; x_wconf 86' lang='lat' dir='ltr'><strong>lectoris</strong></span> <span class='ocrx_word' id='word_1_226' title='bbox 616 3319 658 3382; x_wconf 87' lang='lat' dir='ltr'><strong>ad</strong></span> <span class='ocrx_word' id='word_1_227' title='bbox 673 3340 763 3383; x_wconf 90' lang='lat' dir='ltr'><strong>oram</strong></span> <span class='ocrx_word' id='word_1_228' title='bbox 778 3322 895 3386; x_wconf 86' lang='lat' dir='ltr'><strong>codicis</strong></span> <span class='ocrx_word' id='word_1_229' title='bbox 914 3320 1029 3387; x_wconf 82' lang='lat' dir='ltr'><strong>affixis.</strong></span> <span class='ocrx_word' id='word_1_230' title='bbox 1070 3325 1141 3386; x_wconf 89' lang='lat' dir='ltr'><strong>Hoc</strong></span> <span class='ocrx_word' id='word_1_231' title='bbox 1155 3344 1230 3386; x_wconf 85' lang='lat' dir='ltr'><strong>vcro</strong></span> <span class='ocrx_word' id='word_1_232' title='bbox 1244 3320 1415 3405; x_wconf 72' lang='lat' dir='ltr'><strong>contigisse</strong></span> 
     </span>
     <span class='ocr_line' id='line_1_31' title="bbox 368 3422 1415 3509; baseline 0 -22"><span class='ocrx_word' id='word_1_233' title='bbox 368 3445 495 3489; x_wconf 85' lang='lat' dir='ltr'><strong>necesse</strong></span> <span class='ocrx_word' id='word_1_234' title='bbox 509 3428 568 3500; x_wconf 81' lang='lat' dir='ltr'><strong>est,</strong></span> <span class='ocrx_word' id='word_1_235' title='bbox 578 3427 751 3506; x_wconf 86' lang='lat' dir='ltr'><strong>antequam</strong></span> <span class='ocrx_word' id='word_1_236' title='bbox 762 3422 919 3489; x_wconf 81' lang='lat' dir='ltr'><strong>Eusebius</strong></span> <span class='ocrx_word' id='word_1_237' title='bbox 928 3423 1167 3509; x_wconf 85' lang='lat' dir='ltr'><strong>verbaJosophi</strong></span> <span class='ocrx_word' id='word_1_238' title='bbox 1178 3423 1415 3509; x_wconf 87' lang='lat' dir='ltr'><strong>descripsissct;</strong></span> 
     </span>
     <span class='ocr_line' id='line_1_32' title="bbox 369 3525 1416 3609; baseline 0.002 -21"><span class='ocrx_word' id='word_1_239' title='bbox 369 3546 463 3609; x_wconf 87' lang='lat' dir='ltr'><strong>quem</strong></span> <span class='ocrx_word' id='word_1_240' title='bbox 477 3525 605 3609; x_wconf 90' lang='lat' dir='ltr'><strong>quidem</strong></span> <span class='ocrx_word' id='word_1_241' title='bbox 623 3530 752 3590; x_wconf 79' lang='lat' dir='ltr'><strong>constat</strong></span> <span class='ocrx_word' id='word_1_242' title='bbox 773 3546 837 3588; x_wconf 92' lang='lat' dir='ltr'><strong>non</strong></span> <span class='ocrx_word' id='word_1_243' title='bbox 856 3532 984 3590; x_wconf 85' lang='lat' dir='ltr'><strong>tantum</strong></span> <span class='ocrx_word' id='word_1_244' title='bbox 1005 3526 1038 3589; x_wconf 95' lang='lat' dir='ltr'><strong>in</strong></span> <span class='ocrx_word' id='word_1_245' title='bbox 1058 3526 1207 3591; x_wconf 86' lang='lat' dir='ltr'><strong>Historia</strong></span> <span class='ocrx_word' id='word_1_246' title='bbox 1228 3548 1287 3590; x_wconf 88' lang='lat' dir='ltr'><strong>sna</strong></span> <span class='ocrx_word' id='word_1_247' title='bbox 1308 3526 1416 3590; x_wconf 88' lang='lat' dir='ltr'><strong>Eccle-</strong></span> 
     </span>
     <span class='ocr_line' id='line_1_33' title="bbox 368 3625 1414 3713; baseline 0.002 -24"><span class='ocrx_word' id='word_1_248' title='bbox 368 3625 499 3691; x_wconf 78' lang='lat' dir='ltr'><strong>siastico</strong></span> <span class='ocrx_word' id='word_1_249' title='bbox 519 3627 587 3691; x_wconf 79' lang='lat' dir='ltr'><strong>haeo</strong></span> <span class='ocrx_word' id='word_1_250' title='bbox 612 3626 682 3712; x_wconf 86' lang='lat' dir='ltr'><strong>ipsa</strong></span> <span class='ocrx_word' id='word_1_251' title='bbox 705 3626 858 3712; x_wconf 87' lang='lat' dir='ltr'><strong>posuisse,</strong></span> <span class='ocrx_word' id='word_1_252' title='bbox 881 3628 1055 3693; x_wconf 83' lang='lat' dir='ltr'><strong>sedetiam</strong></span> <span class='ocrx_word' id='word_1_253' title='bbox 1077 3628 1111 3691; x_wconf 92' lang='lat' dir='ltr'><strong>in</strong></span> <span class='ocrx_word' id='word_1_254' title='bbox 1133 3627 1329 3713; x_wconf 70' lang='lat' dir='ltr'><strong>itccptcoio</strong></span> <span class='ocrx_word' id='word_1_255' title='bbox 1348 3649 1414 3703; x_wconf 87' lang='lat' dir='ltr'><strong>sna,</strong></span> 
     </span>
     <span class='ocr_line' id='line_1_34' title="bbox 369 3724 1413 3814; baseline 0.003 -26"><span class='ocrx_word' id='word_1_256' title='bbox 369 3724 459 3810; x_wconf 87' lang='lat' dir='ltr'><strong>cnjus</strong></span> <span class='ocrx_word' id='word_1_257' title='bbox 481 3728 610 3810; x_wconf 89' lang='lat' dir='ltr'><strong>quidem</strong></span> <span class='ocrx_word' id='word_1_258' title='bbox 631 3728 704 3793; x_wconf 89' lang='lat' dir='ltr'><strong>libri</strong></span> <span class='ocrx_word' id='word_1_259' title='bbox 729 3729 955 3814; x_wconf 87' lang='lat' dir='ltr'><strong>interpretatio</strong></span> <span class='ocrx_word' id='word_1_260' title='bbox 977 3729 1109 3814; x_wconf 87' lang='lat' dir='ltr'><strong>Syriaca</strong></span> <span class='ocrx_word' id='word_1_261' title='bbox 1129 3730 1310 3814; x_wconf 87' lang='lat' dir='ltr'><strong>nuperrimo</strong></span> <span class='ocrx_word' id='word_1_262' title='bbox 1331 3751 1353 3792; x_wconf 90' lang='lat' dir='ltr'><strong>a</strong></span> <span class='ocrx_word' id='word_1_263' title='bbox 1374 3728 1413 3791; x_wconf 87' lang='lat' dir='ltr'><strong>cl.</strong></span> 
     </span>
     <span class='ocr_line' id='line_1_35' title="bbox 371 3826 1417 3917; baseline 0.003 -26"><span class='ocrx_word' id='word_1_264' title='bbox 371 3826 455 3891; x_wconf 86' lang='lat' dir='ltr'><strong>Leeo</strong></span> <span class='ocrx_word' id='word_1_265' title='bbox 480 3828 550 3891; x_wconf 93' lang='lat' dir='ltr'><strong>orbi</strong></span> <span class='ocrx_word' id='word_1_266' title='bbox 573 3829 718 3894; x_wconf 86' lang='lat' dir='ltr'><strong>litterato</strong></span> <span class='ocrx_word' id='word_1_267' title='bbox 743 3831 976 3896; x_wconf 86' lang='lat' dir='ltr'><strong>communicata</strong></span> <span class='ocrx_word' id='word_1_268' title='bbox 1002 3839 1062 3896; x_wconf 88' lang='lat' dir='ltr'><strong>est.</strong></span> <span class='ocrx_word' id='word_1_269' title='bbox 1116 3833 1162 3896; x_wconf 86' lang='lat' dir='ltr'><strong>Et</strong></span> <span class='ocrx_word' id='word_1_270' title='bbox 1186 3831 1265 3895; x_wconf 88' lang='lat' dir='ltr'><strong>mihi</strong></span> <span class='ocrx_word' id='word_1_271' title='bbox 1289 3831 1417 3917; x_wconf 89' lang='lat' dir='ltr'><strong>quidem</strong></span> 
     </span>
     <span class='ocr_line' id='line_1_36' title="bbox 369 3928 1415 4018; baseline 0.004 -25"><span class='ocrx_word' id='word_1_272' title='bbox 369 3928 471 3993; x_wconf 91' lang='lat' dir='ltr'><strong>omnis</strong></span> <span class='ocrx_word' id='word_1_273' title='bbox 492 3928 546 3993; x_wconf 83' lang='lat' dir='ltr'><strong>illa</strong></span> <span class='ocrx_word' id='word_1_274' title='bbox 560 3931 583 3992; x_wconf 91' lang='lat' dir='ltr'><strong>J</strong></span> <span class='ocrx_word' id='word_1_275' title='bbox 586 3931 694 4016; x_wconf 87' lang='lat' dir='ltr'><strong>osephi</strong></span> <span class='ocrx_word' id='word_1_276' title='bbox 710 3932 853 3997; x_wconf 84' lang='lat' dir='ltr'><strong>narratio</strong></span> <span class='ocrx_word' id='word_1_277' title='bbox 867 3932 897 3997; x_wconf 91' lang='lat' dir='ltr'><strong>ci</strong></span> <span class='ocrx_word' id='word_1_278' title='bbox 917 3939 1004 3997; x_wconf 84' lang='lat' dir='ltr'><strong>recto</strong></span> <span class='ocrx_word' id='word_1_279' title='bbox 1017 3933 1155 3999; x_wconf 85' lang='lat' dir='ltr'><strong>adscribi</strong></span> <span class='ocrx_word' id='word_1_280' title='bbox 1175 3955 1268 4018; x_wconf 83' lang='lat' dir='ltr'><strong>posse</strong></span> <span class='ocrx_word' id='word_1_281' title='bbox 1282 3934 1415 4010; x_wconf 86' lang='lat' dir='ltr'><strong>videtur,</strong></span> 
     </span>
     <span class='ocr_line' id='line_1_37' title="bbox 369 4037 1417 4128; baseline 0.002 -25"><span class='ocrx_word' id='word_1_282' title='bbox 369 4038 396 4103; x_wconf 87' lang='lat' dir='ltr'><strong>si</strong></span> <span class='ocrx_word' id='word_1_283' title='bbox 417 4037 512 4102; x_wconf 91' lang='lat' dir='ltr'><strong>modo</strong></span> <span class='ocrx_word' id='word_1_284' title='bbox 527 4038 668 4119; x_wconf 79' lang='grc' dir='ltr'>ἔμβλημα</span> <span class='ocrx_word' id='word_1_285' title='bbox 690 4040 901 4120; x_wconf 87' lang='lat' dir='ltr'><strong>omitteretur,</strong></span> <span class='ocrx_word' id='word_1_286' title='bbox 918 4042 1003 4126; x_wconf 89' lang='lat' dir='ltr'><strong>quod</strong></span> <span class='ocrx_word' id='word_1_287' title='bbox 1017 4042 1147 4128; x_wconf 86' lang='lat' dir='ltr'><strong>Origeni</strong></span> <span class='ocrx_word' id='word_1_288' title='bbox 1158 4042 1303 4106; x_wconf 72' lang='lat' dir='ltr'><strong>fortasse</strong></span> <span class='ocrx_word' id='word_1_289' title='bbox 1321 4063 1417 4105; x_wconf 79' lang='grc' dir='ltr'>σοοοο</span> 
     </span>
     <span class='ocr_line' id='line_1_38' title="bbox 370 4139 1416 4227; baseline 0.003 -25"><span class='ocrx_word' id='word_1_290' title='bbox 370 4139 440 4217; x_wconf 81' lang='lat' dir='ltr'><strong>init,</strong></span> <span class='ocrx_word' id='word_1_291' title='bbox 464 4145 502 4203; x_wconf 82' lang='lat' dir='ltr'><strong>ut</strong></span> <span class='ocrx_word' id='word_1_292' title='bbox 527 4146 633 4204; x_wconf 89' lang='lat' dir='ltr'><strong>totum</strong></span> <span class='ocrx_word' id='word_1_293' title='bbox 659 4142 793 4227; x_wconf 89' lang='lat' dir='ltr'><strong>Josephi</strong></span> <span class='ocrx_word' id='word_1_294' title='bbox 820 4142 860 4207; x_wconf 89' lang='lat' dir='ltr'><strong>de</strong></span> <span class='ocrx_word' id='word_1_295' title='bbox 885 4143 1014 4209; x_wconf 74' lang='lat' dir='ltr'><strong>Christo</strong></span> <span class='ocrx_word' id='word_1_296' title='bbox 1043 4143 1260 4208; x_wconf 84' lang='lat' dir='ltr'><strong>testimonium</strong></span> <span class='ocrx_word' id='word_1_297' title='bbox 1286 4149 1416 4227; x_wconf 79' lang='lat' dir='ltr'><strong>praetsr-</strong></span> 
     </span>
     <span class='ocr_line' id='line_1_39' title="bbox 370 4242 1417 4329; baseline 0.001 -23"><span class='ocrx_word' id='word_1_298' title='bbox 370 4242 533 4320; x_wconf 79' lang='lat' dir='ltr'><strong>mittaret3</strong></span> <span class='ocrx_word' id='word_1_299' title='bbox 564 4250 614 4307; x_wconf 85' lang='lat' dir='ltr'><strong>est</strong></span> <span class='ocrx_word' id='word_1_300' title='bbox 639 4242 735 4322; x_wconf 78' lang='lat' dir='ltr'><strong>istud,</strong></span> <span class='ocrx_word' id='word_1_301' title='bbox 760 4243 858 4327; x_wconf 78' lang='grc' dir='ltr'>ἐφάνη</span> <span class='ocrx_word' id='word_1_302' title='bbox 879 4248 938 4328; x_wconf 83' lang='grc' dir='ltr'><strong>γάρ</strong></span> <span class='ocrx_word' id='word_1_303' title='bbox 960 4245 1059 4312; x_wconf 80' lang='grc' dir='ltr'>αὐτοῖς</span> <span class='ocrx_word' id='word_1_304' title='bbox 1081 4247 1181 4326; x_wconf 78' lang='grc' dir='ltr'>τρίτην</span> <span class='ocrx_word' id='word_1_305' title='bbox 1203 4245 1284 4329; x_wconf 85' lang='grc' dir='ltr'>ἔχων</span> <span class='ocrx_word' id='word_1_306' title='bbox 1305 4243 1417 4326; x_wconf 71' lang='grc' dir='ltr'>ἡμέραν</span> 
     </span>
    </p>
   </div>
   <div class='ocr_carea' id='block_1_3' title="bbox 0 0 1637 5150">
    <p class='ocr_par' dir='ltr' id='par_1_8' title="bbox 0 0 1637 5150">
     <span class='ocr_line' id='line_1_40' title="bbox 0 0 1637 5150; baseline 0 0"><span class='ocrx_word' id='word_1_307' title='bbox 0 0 1637 5150; x_wconf 95' lang='lat' dir='ltr'><strong> </strong></span> 
     </span>
    </p>
   </div>
  </div>
 </body>
</html>
