3242 5150
378 364 445 428 352
594 359 643 426 ’8.
668 361 914 426 PAMPHILI
940 364 1198 430 MARTYRIS

422 535 619 598 Psunnnus.
665 531 747 598 Haeo
766 532 801 596 in
823 533 926 616 primo
945 533 1027 598 libro
1047 537 1115 616 περὶ
1134 537 1236 620 ἀρχῶν
1257 538 1368 604 seribit
1392 540 1433 604 de

378 644 497 709 Divina
518 650 644 708 nature.
690 645 732 708 In
753 644 892 708 seeundo
915 665 998 720 vero,
1015 646 1090 729 quia
1111 645 1196 710 idem
1212 646 1300 712 Deus
1315 649 1433 714 veteris

377 763 411 821 et
426 755 498 819 novi
513 754 712 819 Testamenti
726 753 780 833 sit,
795 755 856 818 hoo
871 756 966 819 modo
982 756 1089 820 refert.

420 864 587 928 Omesnns.
616 862 709 948 (Cap.
724 863 765 928 iv.
790 885 877 928 num.
897 867 940 947 1.)
965 864 1027 928 His
1044 885 1105 950 per
1129 866 1430 954 ordinem—prm

377 974 511 1040 ὂόίατιτιι.
697 1059 703 1069 .

422 1087 619 1150 Pnusumus.
666 1083 748 1148 Post
769 1083 839 1148 hoee
861 1082 1181 1169 inconsequentibus
1204 1085 1313 1150 multis
1334 1108 1429 1172 urgu-

377 1194 494 1260 mentis
520 1199 617 1278 etque
643 1193 796 1278 exemplis
823 1191 1060 1277 seripturarum
1089 1193 1263 1271 affirmans,
1288 1195 1430 1260 ostendit
1481 1194 1485 1202 “

379 1305 527 1391 quonism
542 1326 623 1368 unus
643 1310 677 1368 et
698 1303 782 1367 idem
804 1303 905 1376 Deus,
922 1303 1011 1367 Deus
1033 1311 1083 1368 est
1104 1303 1208 1388 Legis,
1229 1311 1262 1369 et
1282 1305 1429 1391 Evange-

376 1417 500 1494 liorum,
517 1423 550 1480 et
566 1415 810 1499 Prophetarum,
827 1421 860 1478 et
878 1413 1118 1499 Apostolorum,
1135 1414 1244 1499 justus
1262 1424 1296 1481 et
1316 1417 1428 1496 bonus,

377 1527 545 1592 visibilium
563 1533 597 1590 et
616 1525 817 1590 invisibilium
839 1548 877 1590 no
899 1525 1002 1590 totius
1022 1526 1237 1591 universitatis
1258 1528 1426 1592 Dominus.

377 1638 543 1719 Quomodo
558 1660 634 1724 eigo
652 1637 788 1702 senserit
804 1638 845 1702 de
866 1637 936 1700 Deo
955 1638 1062 1715 Patre,
1077 1659 1118 1702 ex
1138 1636 1189 1702 his
1211 1638 1280 1722 ejus
1299 1637 1427 1722 seriptis

377 1771 448 1834 quae
483 1770 582 1834 supin
616 1748 830 1833 exposuimus,
860 1747 983 1812 elnniit.
1029 1747 1206 1812 Videamus
1236 1771 1312 1834 ergo
1343 1771 1426 1817 nuno

376 1857 513 1944 qualiter
526 1864 561 1921 et
575 1858 616 1922 de
630 1856 692 1921 Dei
707 1857 790 1922 Filio
805 1858 951 1922 disseint.

778 2051 931 2117 CAPUT
956 2055 1026 2117 111.

599 2207 607 2217 ’
716 2180 765 2243 Do
779 2181 901 2244 Deitate
916 2180 1002 2244 Filii
1017 2181 1088 2246 Dei.

419 2302 587 2366 Omesuss.
611 2302 696 2384 (Lib.
712 2303 744 2366 ii.
764 2303 815 2367 De
828 2304 966 2389 Princip.
983 2327 1052 2390 eep.
1067 2304 1106 2368 vi.
1122 2325 1208 2368 num.
1226 2307 1264 2386 1.)
1297 2305 1364 2368 Pro
1378 2305 1424 2368 ei-

375 2412 700 2499 vites-pminonu

419 2523 615 2588 Psununus.
661 2522 771 2588 Unum
791 2522 878 2589 istud
899 2523 1117 2588 testimonium
1137 2525 1176 2588 de
1199 2524 1331 2590 Deitute
1352 2524 1424 2589 Filii

376 2635 437 2701 Dei
452 2657 492 2700 ex
506 2635 568 2699 illis
581 2633 668 2699 libris
683 2634 881 2720 protulimus,
899 2634 954 2719 qui
970 2634 1106 2699 maxime
1124 2635 1165 2697 nb
1186 2635 1425 2699 accusatoribus

374 2753 562 2832 srguuntur.
607 2746 749 2809 Dubium
773 2754 883 2811 entem
909 2752 1054 2823 nonest,
1083 2747 1167 2829 quod
1193 2747 1304 2809 eodem
1329 2767 1425 2809 sensu

375 2857 473 2921 etiam
488 2858 522 2920 in
542 2856 666 2920 eaeteris
685 2858 813 2930 sentiat,
836 2878 893 2920 nee
912 2856 970 2919 sibi
991 2856 1033 2919 sit
1054 2855 1120 2939 ipse
1141 2855 1328 2920 contrarius.
1373 2856 1425 2921 De

375 2987 413 3029 eo
428 2966 514 3049 quod
528 2987 592 3029 nou
609 2966 652 3030 sit
667 2966 767 3029 Peter
786 2973 862 3030 ente
877 2987 972 3051 quem
988 2965 1098 3039 Filius,
1114 2964 1168 3027 sed
1188 2971 1365 3029 eoaeteruus
1379 2965 1423 3029 sit

376 3074 476 3139 Filius
492 3075 595 3152 Petri,
610 3075 643 3142 in
658 3075 760 3161 primo
775 3077 856 3141 libro
873 3078 913 3141 de
931 3077 1051 3141 Genesi
1066 3076 1133 3140 haeo
1148 3077 1204 3140 nit.

783 3274 1013 3369 (Omenuns.)

428 3394 509 3473 Ὀὐ
526 3393 599 3497 γὰρ
618 3395 638 3472 ὁ
657 3392 751 3477 Θεὸς
774 3396 894 3500 πατὴρ
918 3394 1005 3477 εἶναι
1025 3396 1171 3503 ἤρξατο,
1186 3396 1420 3495 κωλυόμενος,

372 3532 420 3613 ὡς
432 3534 464 3609 oi
477 3528 654 3633 γινόμενοι
663 3529 812 3634 πατέρες
825 3532 1006 3633 ἅνθρωποι
1021 3530 1090 3611 ὑπὸ
1105 3540 1169 3611 τοῦ
1182 3530 1232 3630 μὴ
1245 3531 1424 3611 δύνασθαί

370 3700 429 3746 πω
457 3666 606 3770 πατέρες
632 3662 732 3745 εἶναι.
764 3673 794 3746 εἰ
824 3664 895 3770 γὰρ
926 3670 978 3745 ἀεὶ
1004 3668 1137 3750 τέλειος
1168 3669 1188 3746 ὃ
1219 3664 1325 3760 Θεὸς,
1361 3670 1420 3745 καὶ

370 3796 547 3900 πάρεστιν
565 3802 661 3905 αὐτῷ
684 3799 830 3899 δύναμις
855 3809 919 3881 τοῦ
939 3801 1086 3904 Πατέρα
1111 3800 1219 3880 αὐτὸν
1244 3798 1340 3897 εἶναι,
1361 3804 1420 3880 καὶ

370 3931 483 4013 καλὸν
501 3933 609 4014 αὐτὸν
628 3932 715 4014 εἶναι
734 3936 882 4039 Πατέρα
900 3945 964 4016 τοῦ
982 3936 1143 4017 τοιούτου
1161 3943 1262 4033 Υὶοῦ,
1281 3938 1319 4016 τί
1332 3941 1418 4017 ἀνα-

368 4067 557 4165 βάλλεται,
583 4072 642 4147 καὶ
669 4067 794 4149 ἑαυτὸν
822 4080 886 4159 τοῦ
914 4082 1028 4153 καλοῦ
1055 4074 1253 4176 στηρίσκει,
1273 4076 1341 4169 καὶ,
1370 4076 1418 4155 ὡς

402 4253 500 4303 ¹Hune
516 4253 595 4303 locum
614 4256 696 4305 Grsoe
710 4257 808 4307 exhibet
825 4258 943 4307 Eusebius
956 4258 998 4307 lib.
1006 4259 1021 4305 i.
1040 4260 1155 4307 adversus
1172 4257 1316 4307 blmeellum
1334 4258 1415 4321 Aney-

368 4352 464 4397 ranum,
477 4350 580 4399 peges.
663 4372 669 4384 .
