3242 5150
346 393 398 456 IN
424 395 455 456 S.
480 393 701 460 DIONYSII
727 395 851 461 LIBB.
878 399 941 461 DE
967 396 1185 461 NATURA.
1232 399 1296 461 438

242 560 335 626 πάλιν
349 570 415 642 (ὢν,
432 572 491 630 τῶν
512 569 601 632 θείων
615 575 775 650 προφητῶν
796 576 890 633 ταῦτα
909 595 942 632 τε
960 570 1009 633 καὶ
1028 570 1111 634 ἄλλα
1124 571 1213 650 μύρια
1227 574 1298 633 θαν-

240 666 336 742 μασία
361 667 429 747 περὶ
452 669 543 732 αὐτοῦ
562 671 729 751 εἰρηκότων.
759 671 893 756 Joscphi
914 671 1161 755 Antiquitlad.
1178 671 1296 736 lxviii.

241 785 308 846 0·4.
323 789 353 851 p.
367 784 418 852 79.
434 770 509 834 edit.
527 770 672 836 Hudson.
719 774 848 837 Etenim
868 773 959 837 velim
980 795 1020 838 ea
1043 773 1295 859 perpendantur,

241 889 312 951 quae
336 870 375 934 de
396 871 522 937 Joanne
549 873 699 959 Baptista
721 876 816 960 paulo
839 891 914 959 post
937 877 1099 960 scripserit
1124 876 1296 960 Josephus,

241 991 375 1054 quaequc
400 973 511 1037 eadem
531 975 678 1040 attulerit
701 977 855 1062 Origenes
874 978 907 1041 in
933 977 987 1043 lib.
1001 979 1021 1040 i.
1043 1001 1112 1064 cap.
1124 999 1155 1062 3.
1182 980 1296 1042 Contra

243 1072 372 1136 Celsum.
412 1079 529 1141 Κτείνει
552 1081 620 1160 γὰρ,
644 1078 691 1143 ait
712 1080 734 1143 J
736 1081 882 1164 osephus,
903 1085 1009 1144 τοῦτον
1022 1079 1160 1162 Ἡρώδης
1181 1081 1297 1164 ἀγαθὸν

241 1175 345 1256 ἄνδρα,
370 1178 419 1240 καὶ
440 1180 508 1246 τοὺς
527 1179 691 1248 Ἰουδαίους
706 1185 868 1246 κελεύοντα
892 1183 999 1264 ἀρετὴν
1022 1185 1227 1250 ἔπασκαῦντας
1249 1186 1298 1247 καὶ

241 1277 315 1359 πρὸς
328 1279 382 1342 τὸν
391 1280 475 1343 Θεὸν
485 1283 645 1366 θεοσεβείᾳ
659 1281 839 1364 χρωμένους,
848 1285 1009 1366 βαπτισμῷ
1022 1282 1165 1358 συνιέναι,
1179 1303 1249 1366 cap.
1264 1285 1295 1344 6.

241 1399 271 1464 p.
286 1399 355 1464 105.
401 1383 536 1447 Poterat
551 1405 627 1466 ergo
642 1384 804 1467 losephus
819 1383 982 1447 verissima
996 1383 1059 1460 illa,
1075 1406 1146 1467 quae
1160 1383 1200 1447 de
1214 1383 1237 1446 J
1239 1405 1295 1447 esu

241 1483 1021 1569 audiverat,reserre,etsinoneroderetposseeum
1031 1485 1294 1563 Messiamlnisse,

241 1584 295 1668 qui
310 1585 333 1648 J
336 1587 443 1650 udaeos
458 1609 478 1649 a
493 1587 639 1650 Romano
648 1588 728 1673 jugo
744 1610 806 1650 non
822 1587 1029 1652 liberavisset.
1060 1587 1166 1652 Sedet
1180 1610 1295 1673 nuper·

241 1688 320 1752 rime
343 1689 401 1753 viri
424 1690 510 1754 docti
534 1711 601 1753 rem
618 1689 682 1754 alia
706 1689 830 1754 ratione
856 1697 1048 1753 tractarunt.
1094 1692 1177 1754 Mox
1197 1691 1297 1755 habet

243 1791 314 1855 MS.
332 1794 379 1856 καὶ
395 1792 521 1871 κάματος
537 1793 688 1873 ἐγγίνεται
702 1799 763 1858 τοῖς
779 1792 1016 1875 ἒπιχειρήσασιν.

285 1893 408 1977 P.413.
423 1892 443 1956 l.
459 1913 508 1956 11.
524 1891 606 1971 ἢτὴν
618 1899 746 1974 Περσῶν
756 1897 784 1957 ol
796 1896 963 1973 βασιλείαν
974 1895 1130 1978 γενέσθαι]
1145 1891 1221 1957 MS.
1237 1899 1297 1956 τᾶν

241 2016 299 2078 pro
319 1995 374 2072 τὴν
395 1995 537 2071 exhibet,
556 1995 691 2058 fortasse
714 1995 836 2080 legend.
852 1995 870 2075 ἢ
885 1997 939 2074 τὴν
959 2002 1017 2058 τῶν
1034 2002 1073 2059 Π.
1119 1994 1199 2058 Oum
1218 1996 1295 2057 Mc.

239 2097 444 2161 consentiunt
457 2098 517 2161 dcc
538 2119 573 2160 ιο
594 2097 678 2161 codd.
703 2098 889 2182 Gnissordi,
915 2119 1012 2182 supra
1030 2097 1050 2160 l.
1065 2118 1095 2179 7.
1111 2097 1184 2160 MS.
1199 2097 1295 2160 Joca—

239 2200 339 2262 nensis
354 2199 453 2263 habet
468 2199 502 2262 τὸ
518 2202 555 2262 τὰ
571 2199 706 2263 είωθάτα.

284 2303 323 2364 Ρ.
335 2321 411 2381 414.
427 2301 447 2364 l.
459 2323 489 2381 4
507 2308 567 2365 τῶν
587 2308 660 2383 γοῦν
680 2301 870 2388 Ὓποθηκῶν]
889 2300 1056 2365 Fabricius
1069 2297 1215 2364 Bibliott.
1236 2303 1293 2364 Gr.

239 2404 300 2467 vol.
310 2404 341 2468 ii.
359 2427 389 2488 p.
401 2407 441 2490 63
444 2422 472 2489 5.
489 2405 538 2468 ed.
554 2426 653 2478 novae,
677 2404 709 2467 in
730 2404 908 2468 Democriti
931 2404 1058 2488 scriptis
1079 2405 1176 2468 ethici
1196 2427 1292 2488 argu-

239 2507 339 2571 menti
353 2509 502 2587 ύποθηκὰς
521 2507 578 2570 has
599 2528 619 2569 a
634 2507 788 2591 Dionysio
804 2514 1068 2571 commemoratas
1088 2507 1241 2592 reposuit,
1256 2529 1293 2570 ac

239 2610 346 2693 plures
360 2632 399 2673 ex
415 2609 476 2673 illis
486 2610 662 2674 sententias
676 2611 838 2674 Stobaeum
852 2610 1022 2694 sumpsisse
1036 2609 1101 2693 (oui
1115 2609 1293 2672 Maximum

239 2712 331 2775 addit
353 2712 391 2777 cl.
409 2712 592 2795 Harlesius)
618 2712 809 2797 suspicatur.
857 2713 981 2797 Pagina
1002 2720 1110 2776 autem
1126 2716 1199 2788 641.
1222 2733 1296 2774 oon-

236 2814 395 2898 jecturam
418 2816 496 2881 lacit
512 2816 679 2880 Fabricius
695 2816 822 2879 easdem
845 2818 994 2894 ύποθηκὰι
1015 2814 1053 2876 iis
1074 2815 1223 2898 operibus
1242 2836 1295 2877 ac-

240 2919 415 2982 censendas
437 2941 515 2995 esse,
531 2942 601 3004 quae
625 2942 664 2982 ex
684 2918 859 2982 Democriti
882 2918 1008 3002 seriptis
1031 2917 1182 3001 decerpta
1197 2916 1294 2979 fuisso

239 3020 351 3083 tradat
370 3020 528 3084 Laertius.
574 3020 672 3082 Felici
690 3028 798 3083 autern
817 3020 1047 3095 emendatione,
1065 3040 1136 3103 quae
1156 3040 1292 3081 commc-

241 3128 387 3183 moratur
396 3120 428 3184 in
445 3121 588 3207 Menagii
608 3120 871 3185 Observationum
885 3123 919 3184 ιὀι
933 3122 1095 3185 Lamiam
1110 3144 1140 3206 p.
1152 3142 1228 3200 414.
1246 3142 1294 3183 rc-

239 3221 377 3306 positum
395 3230 445 3287 est
464 3224 598 3288 Laertio
614 3246 711 3308 opera
727 3223 905 3287 Democriti
926 3224 1125 3289 enumeranti
1145 3222 1292 3303 Ὑπομνη-

237 3324 339 3404 μάτων
353 3324 486 3389 Ἠθικῶν
501 3348 560 3410 pro
575 3350 622 3404 ec,
639 3328 723 3412 quod
739 3327 867 3411 legitur,
881 3325 1128 3408 Ὑπομνημάτων,
1139 3326 1157 3406 ἢ
1169 3328 1267 3389 οἴκων.

285 3426 368 3489 Ibid.
385 3427 406 3490 l.
420 3430 450 3490 6.
467 3431 559 3508 φύσει
580 3434 639 3510 γὰρ
661 3430 762 3510 γνώμη
785 3432 859 3509 τύχη
881 3428 1025 3514 μάχεται]
1043 3428 1202 3490 Praeclarc
1218 3426 1292 3488 Tul-

238 3528 299 3591 lius
313 3551 371 3613 pro
386 3529 552 3607 Marcello,
565 3539 642 3594 sect.
656 3547 685 3611 7.
713 3532 885 3615 Nunquam
899 3531 1050 3593 temeritas
1060 3551 1129 3591 ουυι
1139 3527 1293 3611 sapientia

238 3632 596 3711 conmutationem
624 3633 782 3696 emolliam
807 3652 894 3695 cosas
918 3631 1103 3694 aonio-icor.
1142 3630 1291 3694 Vmsnos.

240 3734 353 3797 Malim
382 3734 486 3820 legero
511 3736 614 3820 γνώμῃ
641 3737 715 3818 τύχη
744 3734 873 3817 μάχεται
898 3741 1030 3817 propter
1055 3732 1233 3817 sequentia,
1259 3733 1291 3795 in

239 3836 353 3921 quibus
367 3840 472 3916 ταύτης
487 3858 545 3921 pro
561 3838 670 3915 ταύτην
685 3835 794 3919 reponi
810 3834 914 3897 debet.
945 3832 1049 3896 Abest
1063 3834 1138 3915 τύχη
1153 3854 1173 3895 a
1188 3833 1290 3896 MSto.

282 3938 465 4004 lbid.l.1o.
487 3940 541 4017 τὴν
561 3938 666 4022 τύχην]
690 3939 859 3999 Hactenus
881 3935 978 3998 verba
1000 3934 1194 3998 Democriti:
1220 3957 1291 4018 quae

238 4049 424 4125 sequuntur,
440 4041 585 4125 Dionysii
598 4048 685 4104 sunt.
710 4040 855 4101 Vrosnus.

283 4144 366 4207 Ibid.
383 4144 403 4208 l.
420 4147 470 4207 16.
486 4142 706 4227 τολμήσουσιν]
724 4144 802 4207 MS.
818 4139 1057 4222 ταλμησάτωσαν
1073 4148 1100 4201 et
1119 4148 1179 4202 tres
1198 4139 1290 4200 Gais-

230 4245 389 4328 scrdium'.
405 4266 483 4309 unus
497 4246 703 4323 τολμήτωσαν.

282 4346 605 4432 Ρ.415.1.3.ἥὸιου]
633 4347 685 4410 Sic
705 4347 778 4409 MS.
795 4367 853 4430 pro
872 4347 926 4423 ἡδὺ
948 4343 984 4407 ὃν
1004 4342 1218 4425 conjecturam
1238 4341 1289 4402 fir-

326 4472 394 4514 υου.
411 4472 452 4514 rv.
756 4468 815 4531 31<
