3242 5150
342 319 406 381 450
676 305 1056 372 ANNOTATIONES

344 505 416 549 τοι.
432 491 466 548 et
487 483 556 562 178,
577 487 683 544 totum
704 476 788 541 euim
811 471 1062 550 ἁποσπασμάτιον
1083 469 1234 532 euriacum
1263 473 1329 530 eet
1356 483 1432 526 uua

343 608 415 650 cum
435 585 506 648 eliis
522 583 620 668 juxto
634 579 746 666 positis
766 578 798 640 in
814 576 921 640 alterio
941 574 1065 638 duobus
1079 569 1165 636 codd.
1182 571 1259 650 176.
1279 575 1323 632 et
1342 586 1363 645 7
1368 583 1430 650 51.

343 697 377 752 et
404 687 438 750 in
457 686 533 750 Mu.
554 704 626 747 meo
646 681 721 744 olim
743 677 1007 744 Moermocciocc.
1053 675 1094 736 In
1113 670 1268 737 Comitoli
1298 676 1431 732 autem

354 789 494 852 Verrium
516 792 608 849 extet
629 782 716 847 istud
738 779 885 863 Dionysii
908 787 936 841 el
957 775 1145 850 Amiroei,
1169 795 1241 858 quoe
1273 771 1430 856 quidem

344 888 502 975 particula
523 885 704 970 copulativa
725 883 785 968 ipsi
807 880 965 947 Comitolo
978 900 1076 942 ceusu
1089 877 1185 940 fuisso
1206 875 1368 951 videtur,
1385 877 1430 934 ut

343 991 428 1055 inter
442 996 589 1054 auctores
603 985 737 1051 Cetonae
753 982 940 1066 Dionysium
958 979 1190 1065 Areopagitum
1208 997 1288 1040 cum
1308 974 1429 1037 Alex·

344 1092 479 1158 endriuo
493 1109 660 1176 perperam
675 1092 864 1151 recenseret.

390 1195 426 1258 P.
438 1212 512 1277 439.
529 1194 570 1258 εἰς
584 1190 639 1269 τὴν
653 1191 736 1252 Εὕαν
751 1185 917 1270 ἐξέλαβον]
934 1182 1087 1247 Similiter
1102 1186 1230 1245 Auctor
1245 1181 1364 1243 Sam.
1375 1176 1426 1239 iii.

342 1297 377 1359 ι’τι
402 1293 517 1358 Jotum
549 1290 635 1376 apud
665 1291 699 1353 S.
721 1286 920 1370 ulrymomi
946 1285 1004 1369 Op.
1030 1292 1110 1347 tom.
1128 1305 1157 1346 v.
1187 1305 1218 1366 p.
1243 1284 1333 1365 962.
1362 1279 1423 1342 od.

347 1396 476 1460 Sevilii:
508 1396 546 1461 ὡς
570 1395 623 1472 μία
645 1398 704 1455 τῶν
730 1392 881 1471 ἀφρόνων.
903 1388 942 1453 ὥς
964 1390 992 1451 εἴ
1014 1411 1058 1453 τις
1083 1387 1200 1466 ἔλεγεν,
1223 1387 1264 1451 ὥς
1293 1385 1317 1463 ἡ
1348 1383 1425 1446 Εὕα

345 1496 510 1576 ἐλόληπας.

391 1600 475 1663 Ibid.
490 1599 511 1662 l.
524 1600 553 1663 8.
573 1595 736 1676 δεξαμένην
755 1598 805 1672 τῆς
827 1594 970 1673 ἁμαρτίας
991 1591 1026 1654 τὸ
1047 1589 1157 1675 βέλος]
1175 1589 1225 1652 Ex
1245 1589 1316 1652 cod.
1337 1605 1420 1672 195.

346 1700 407 1764 hoc
431 1701 465 1764 τὸ
491 1700 586 1780 βέλος
612 1719 670 1782 pro
695 1695 799 1760 ultera
821 1693 956 1758 lectione
979 1693 1013 1755 τὸ
1040 1692 1133 1773 νέφος
1159 1691 1296 1775 reposui.
1354 1690 1419 1752 lta

346 1801 591 1885 Chrysootomue
604 1821 676 1884 pag.
693 1817 761 1861 roo.
776 1796 872 1880 hujus
882 1795 1013 1859 Octeuae
1024 1815 1045 1857 u
1055 1794 1077 1855 J
1080 1793 1156 1856 uuio
1166 1790 1274 1868 editae,
1289 1790 1337 1855 ‘O
1350 1794 1419 1870 γὰρ

345 1900 488 1980 μακάριος
502 1901 587 1965 οὗτος
606 1901 796 1981 πανταχόθεν
814 1900 1009 1977 βαλλόμενος
1028 1893 1263 1975 ἀσφαλέστερον
1281 1894 1416 1954 ἵστατο·

347 2001 395 2062 καὶ
408 2001 496 2078 μυρία
513 2005 623 2062 ΒΕΛΗ
642 2003 905 2062 ΔΕΧΟΜΕΝΟΣ
918 1998 970 2060 οὐκ
982 1998 1121 2060 ἐνεδίδου.
1153 1994 1258 2075 Νέφος
1268 1993 1416 2078 quidem

345 2106 449 2178 βελῶν
470 2101 555 2184 apud
575 2108 723 2164 auctores
737 2099 865 2162 obvium
877 2108 927 2163 eet
937 2124 946 2174 ς
968 2099 1128 2182 habetque
1146 2097 1230 2160 idem
1245 2096 1413 2180 Chrysou-

347 2207 453 2265 tomus
473 2200 526 2264 lib.
540 2201 580 2266 vi.
602 2203 651 2264 Do
675 2201 861 2277 Sacerdotio,
882 2207 942 2264 τῶν
959 2207 1063 2278 βελῶν
1082 2203 1136 2266 τδς
1161 2197 1297 2280 νιφάδος.
1325 2219 1412 2283 pag.

350 2304 421 2365 26⁸.
437 2302 487 2366 ed.
504 2303 648 2387 Hughoe.

393 2404 478 2467 Ibid.
494 2404 514 2467 l.
532 2424 544 2467 ι
549 2425 579 2490 3.
603 2404 638 2468 δι’
653 2403 706 2490 ἣν]
731 2405 849 2469 Vocem
871 2403 1050 2466 addendam
1075 2425 1144 2466 ecoe
1166 2405 1276 2483 θηρίον
1301 2401 1411 2466 verbu

348 2504 513 2591 sequentia
527 2526 602 2568 mox
615 2505 794 2569 ostendent.

394 2609 431 2672 P.
444 2628 520 2686 440.
537 2608 557 2670 l.
573 2628 599 2671 1.
616 2609 684 2671 οὐδὲ
695 2611 753 2689 γὰρ
765 2606 803 2670 ἂν
815 2609 933 2671 δύναιτο
943 2612 1003 2669 τῶν
1017 2607 1149 2691 δικαίαν]
1167 2607 1220 2671 Sic
1234 2606 1319 2670 idem
1335 2604 1406 2669 cod.

353 2727 422 2793 195.
480 2709 574 2793 Vulpo
588 2710 655 2773 οὐδὲ
670 2712 729 2790 γὰρ
741 2709 779 2772 δν
793 2710 915 2771 δύναται
928 2714 988 2770 τῶν
1002 2709 1096 2789 ἁγίων
1111 2714 1169 2771 τῶν
1190 2710 1324 2783 δικαίαν,
1341 2706 1404 2771 sed

349 2821 383 2875 et
398 2818 485 2874 recto
499 2810 627 2873 abesto
644 2808 782 2873 Oomiloli
803 2808 943 2871 Vmim
956 2808 1032 2871 illud
1047 2815 1107 2871 τῶν
1120 2812 1223 2890 ἁγίων.

396 2911 481 2975 lbid.
498 2912 519 2974 l.
530 2933 561 2992 4.
584 2914 632 2975 καὶ
651 2912 719 2977 τοὺς
738 2911 791 2985 οὐκ
810 2912 1004 2988 ἀναβοῶντας
1022 2910 1096 2991 πρὸς
1118 2912 1172 2974 τδν
1192 2910 1285 2986 Θεδν,
1300 2915 1352 2974 διδ
1366 2908 1404 2972 τὸ

348 3014 388 3092 μὴ
412 3018 462 3091 τῆς
484 3016 646 3092 ἐπιβουλῆς
667 3013 758 3076 αὐτοῦ
784 3011 1014 3093 σνναιοθέιτθαι]
1041 3011 1107 3074 Pro
1126 3012 1177 3075 hie
1199 3012 1346 3075 omnibus
1367 3011 1404 3074 in

348 3114 427 3177 edito
442 3119 476 3177 et
490 3111 602 3175 duolio
618 3112 854 3193 amemptie
865 3130 937 3175 201.
949 3122 983 3176 et
999 3114 1069 3195 178.
1084 3112 1200 3197 legitur
1210 3121 1339 3178 tautum
1351 3114 1403 3177 καὶ

349 3218 512 3292 ἐπιβουλῆς
533 3214 622 3277 autori
644 3213 857 3287 σννεσθέσθαι,
874 3212 927 3276 ubi
949 3235 1102 3298 reponere
1123 3216 1192 3279 vult
1206 3215 1331 3292 Juniur,
1351 3216 1403 3279 καὶ

349 3318 526 3395 ἐπιβουλαῖς
541 3314 629 3377 αὐτοῦ
645 3314 837 3388 συνεθίζεταα
869 3314 945 3389 sed,
961 3315 1085 3378 etiamsi
1101 3317 1134 3379 in
1149 3318 1257 3381 codice
1272 3336 1342 3403 195.
1359 3338 1401 3383 ex

350 3438 412 3502 quo
425 3417 523 3480 verbe
533 3414 670 3491 restitui,
682 3412 770 3499 prius
781 3421 867 3477 esset
881 3423 1049 3478 exaratum
1064 3418 1277 3493 οννεσθέσθαι,
1289 3428 1400 3483 tumen

349 3525 463 3602 postca
491 3517 695 3581 emendatum
723 3514 786 3579 fuit
815 3516 1041 3580 συναιοθέσθαι.
1097 3520 1236 3583 Οοταὶνοέἰ
1271 3521 1400 3604 quidem

360 3619 462 3682 Voreio
477 3617 554 3681 nihil
567 3618 638 3701 opis
652 3617 703 3681 hic
718 3617 839 3681 attulit.
876 3618 1028 3681 Ceterum
1043 3642 1139 3705 supra
1153 3622 1186 3684 in
1200 3621 1254 3686 lin.
1263 3642 1296 3705 3.
1307 3643 1400 3685 voces

351 3723 378 3784 εἰ
391 3722 424 3813 δέ
438 3719 505 3785 τοὺς
519 3720 653 3799 ἄφρονας
668 3720 716 3783 καὶ
730 3718 873 3798 ἀνοήτους
887 3719 971 3782 idem
986 3720 1075 3783 νοτίου
1092 3739 1162 3805 195.
1178 3722 1260 3785 malo
1271 3722 1387 3786 omisit.

395 3819 477 3883 Ibid.
492 3818 512 3880 l.
525 3836 554 3899 7.
571 3822 613 3882 ὧν
625 3820 732 3905 μόνον]
747 3821 865 3884 Melius
879 3821 1015 3886 fortusse
1030 3826 1072 3886 ὧν
1081 3827 1192 3901 μόνον,
1204 3823 1398 3909 wituella,

351 3929 388 3986 ut
403 3920 500 3985 vertit
517 3919 685 3983 Oomiloluu.
733 3922 784 3985 Sic
799 3930 913 4007 posteo
926 3924 980 3987 οὐκ
994 3926 1090 3988 αὐτῶν
1104 3928 1138 3988 δέ
1152 3928 1252 4005 μόνον
1266 3926 1287 3991 l.
1304 3947 1354 3989 ιι.

397 4022 480 4087 Ibid.
502 4021 523 4084 l.
539 4040 570 4101 9.
595 4022 644 4085 καὶ
667 4025 709 4089 εἷς
730 4030 847 4102 πνεῦμα
869 4025 1041 4110 ζωοποιοῦν]
1063 4026 1190 4091 Auctor
1210 4037 1337 4113 spectet
1358 4029 1400 4093 ad

354 4125 522 4188 Paulinum
536 4124 622 4201 illud,
637 4122 781 4206 Ἐγένετο
796 4128 813 4189 ὀ
827 4134 941 4207 πρῶτος
955 4129 1110 4207 ἄνθρωπος
1123 4128 1221 4209 Ἀδὰμ
1239 4134 1279 4197 εἰς
1296 4134 1401 4215 ψυχὴν

351 4230 459 4298 ζῶσαν·
495 4228 511 4288 δ
535 4226 663 4308 ἔσχατος
683 4224 780 4305 Ἀδὰμ
802 4230 845 4293 εἰς
866 4234 982 4308 πνεῦμα
1003 4236 1173 4304 ζωοποιοῦν.
1219 4232 1286 4311 Πρὸ
1312 4233 1400 4294 αὐτοῦ
