3242 5150
442 407 716 471 CONClldUM
741 407 1003 472 ROMANUM.
1180 407 1242 471 281

196 573 319 640 Licinio
332 583 385 640 ter
398 577 590 655 consulibus,
605 587 698 643 sexto
707 600 810 643 nonas
818 576 969 642 Octobris
979 577 1040 656 die,
1052 585 1144 643 sexta
1155 578 1241 643 seria

193 683 276 750 Cum
287 687 503 753 consedissent
512 688 678 753 Miltiades
691 689 858 774 episcopus
873 687 962 751 urbis
974 687 1096 766 Romae,
1109 696 1142 752 et
1155 688 1244 753 Reti·

194 797 262 860 cins
275 807 309 862 et
324 797 495 862 Maternus
514 806 549 863 et
568 799 715 863 Marinus
734 799 873 884 episcopi
889 798 1062 864 Gallicani:
1086 808 1120 863 et
1135 799 1245 862 Mero·

193 906 258 971 cles
270 929 292 970 a
305 907 500 986 Mediolano,
517 908 688 974 Florianus
702 932 723 973 a
744 909 852 986 Sinna,
868 909 1001 974 Zoticus
1019 933 1039 975 a
1060 910 1243 992 Quintiano,

196 1017 346 1082 Steunius
366 1019 409 1083 ab
431 1019 588 1096 Arimino,
605 1018 697 1083 Felix
719 1042 740 1084 a
762 1019 928 1084 Florentia
948 1021 1133 1096 Tuscorum,
1156 1021 1245 1086 Gau-

194 1129 321 1194 dentius
333 1153 355 1194 a
369 1131 464 1204 Pisis,
480 1133 691 1196 Constantius
701 1155 722 1197 a
733 1131 898 1207 Faventia,
912 1132 1079 1198 Pretorius
1089 1154 1109 1197 a
1120 1135 1243 1217 Capua,

197 1237 391 1325 Theophilus
405 1263 426 1305 a
441 1243 635 1316 benevento,
653 1242 791 1307 Sabinus
807 1265 829 1307 a
849 1244 1030 1316 Terracina,
1047 1243 1211 1307 Secundus
1225 1263 1246 1305 a

197 1350 372 1429 Praeneste,
400 1352 492 1417 Felix
518 1376 540 1417 a
564 1353 668 1418 tribus
692 1354 857 1427 Tabernis,
886 1354 1050 1419 Maximus
1073 1355 1116 1418 ab
1142 1355 1244 1428 Ostia,

196 1461 363 1526 Evandrus
376 1463 419 1527 ab
435 1463 564 1541 Ursino,
581 1463 783 1528 Donatianus
796 1486 817 1528 a
832 1464 919 1528 Foro
935 1463 1071 1528 Claudii.

240 1570 305 1635 His
325 1571 460 1635 ddecem
485 1579 519 1636 et
544 1593 659 1636 novem
687 1573 931 1637 consedentibus
957 1572 1124 1658 episcopis,
1149 1595 1246 1636 causa

195 1683 317 1747 Donati
337 1690 372 1747 et
393 1683 552 1748 Caeciliani
574 1683 607 1746 in
629 1683 768 1748 medium
789 1683 887 1748 missa
902 1689 961 1747 est.
1006 1685 1037 1748 A
1061 1683 1192 1769 singulis
1212 1685 1245 1746 in

198 1793 362 1857 Donatum
385 1802 460 1858 sunt
479 1793 530 1856 hae
554 1792 722 1857 sententiae
744 1792 829 1858 latae.
876 1792 1001 1874 “Quod
1021 1795 1182 1857 confessus
1204 1793 1247 1858 sit

197 1912 216 1941 “
232 1903 455 1988 rebaptizasse,
464 1912 498 1968 et
510 1903 667 1990 episcopis
681 1902 780 1988 lapsis
792 1924 923 1966 manum
938 1903 1144 1988 imposuisse;
1163 1904 1247 1988 quod

197 2021 217 2051 ‘⁶
232 2014 275 2076 ab
288 2013 422 2077 ecclesia
441 2013 580 2077 alienum
597 2013 676 2078 est.”
721 2013 834 2077 Testes
848 2013 968 2079 inducti
983 2037 1005 2078 a
1025 2013 1156 2079 Donato
1171 2036 1245 2078 con-

196 2122 269 2186 fessi
298 2131 374 2188 sunt
399 2146 434 2187 ss
459 2146 522 2188 non
549 2124 666 2188 babere
695 2125 781 2208 quod
806 2125 839 2187 in
866 2124 1069 2189 Caecilianum
1095 2125 1246 2189 dicerent.

197 2233 383 2298 caeoilianus
405 2234 547 2298 omnium
572 2257 669 2320 supra
693 2243 942 2299 memoratorum
968 2234 1135 2300 sententiis
1160 2233 1249 2297 inno-

197 2365 271 2406 cens
285 2353 335 2409 est
349 2345 594 2429 pronunciatus:
620 2346 717 2410 etiam
733 2345 893 2410 Miltiadis
908 2346 1153 2430 sententiaque
1164 2344 1248 2429 judi·

197 2453 278 2517 cium
291 2454 431 2518 clausum
446 2462 496 2518 est
509 2455 560 2519 his
574 2456 697 2519 verbis:
715 2465 735 2492 ‘⁶
745 2456 825 2521 Cum
836 2455 1017 2520 constiterit
1032 2454 1246 2524 Caecilianum‚

197 2571 219 2600 ‘⁴
234 2563 276 2626 ab
287 2562 325 2625 iis
339 2563 475 2646 quicum
486 2563 619 2628 Donato
630 2570 795 2642 venerunt,
807 2563 903 2648 juxta
919 2561 1143 2649 professionem
1156 2584 1245 2626 snam

198 2680 221 2709 ‘⁴
238 2692 301 2735 non
323 2673 484 2737 wcussri:
507 2696 566 2738 nec
588 2696 610 2737 a
631 2676 764 2738 Donato
789 2674 969 2739 convictum
990 2694 1058 2736 esse
1084 2672 1117 2735 iu
1142 2673 1248 2757 aliqua

202 2790 221 2817 “
235 2792 329 2863 parte
349 2784 545 2849 constiterit:
568 2806 634 2847 suae
658 2781 870 2847 communioni
885 2781 1104 2846 ecclesiasticas
1124 2782 1249 2867 integro

200 2899 222 2930 ‘⁶
236 2900 323 2957 statu
339 2894 539 2959 retinendum
552 2894 669 2958 merito
682 2917 752 2958 esse
766 2897 913 2958 conse0.''

242 3000 365 3068 Sufficit
386 3013 511 3088 ergoet
527 3005 691 3069 Donatum
705 3012 758 3069 tot
778 3004 947 3071 sententiis
961 3025 1030 3068 esse
1051 3026 1248 3089 percussum,

198 3122 232 3178 et
253 3114 457 3179 Caecilianum
479 3123 572 3179 tanto
589 3115 711 3201 jndicio
735 3138 805 3179 esse
830 3122 1014 3199 purgatum.
1069 3113 1115 3179 Et
1140 3120 1248 3178 tamen

198 3222 346 3288 Donatus
374 3224 599 3308 appellandum
628 3248 697 3289 esse
732 3226 773 3288 ab
803 3224 960 3309 episcopis
996 3223 1141 3289 credidit.
1195 3224 1249 3288 Ad

197 3356 293 3418 quam
307 3334 554 3419 appellationem
568 3337 797 3400 Constantinus
813 3336 987 3420 imperator
1001 3334 1046 3397 sic
1064 3334 1247 3418 respondit:

198 3446 253 3507 “d
274 3445 388 3510 rabida
409 3444 526 3508 luroris
546 3445 697 3509 audacia:
722 3446 805 3509 dont
827 3447 859 3508 in
876 3445 979 3509 causis
999 3444 1164 3529 gentilium
1180 3444 1249 3507 fieri

198 3562 219 3590 “
233 3554 326 3631 solet,
340 3554 586 3641 appellationem
601 3556 908 3640 interposuerunt‘t'*

241 3663 384 3728 ‘Eodem
403 3671 548 3750 tempore
561 3666 646 3729 idem
661 3645 809 3730 Donatus
830 3665 935 3749 petiit,
947 3672 983 3729 ut
997 3664 1025 3728 ei
1041 3666 1156 3729 reverti
1172 3662 1247 3727 licu-

196 3776 283 3849 isset,
310 3783 345 3840 et
369 3797 427 3839 uec
449 3777 491 3841 ad
518 3777 745 3861 Carthaginem
770 3777 946 3841 accederet.
1000 3777 1089 3841 Tunc
1114 3798 1135 3839 a
1160 3775 1246 3839 Filu-

196 3885 291 3962 mino,
320 3886 531 3973 suffragatore
565 3887 643 3973 ejus,
679 3885 864 3971 imperatori
900 3896 1084 3971 suggestum
1121 3900 1180 3965 est,
1211 3895 1249 3950 ut

196 3999 281 4061 bono
303 3999 391 4083 pacis
405 3999 593 4066 Caecilianns
614 3998 732 4062 Brixiae
753 3998 964 4062 retineretur:
990 4005 1025 4062 et
1046 3998 1166 4063 lactum
1188 4006 1247 4063 est.

228 4158 239 4190 ⁴
251 4159 354 4220 (Decem
365 4172 390 4208 et
401 4176 496 4221 norem,
508 4163 667 4209 adnumerato
679 4159 725 4208 illis
737 4158 803 4206 urbis
817 4158 900 4205 llonrrs
911 4158 1020 4221 episcopo
1033 4158 1165 4219 Miltiade.)

228 4251 241 4280 e
252 4240 319 4303 (llos
327 4242 442 4305 sciptum
453 4258 506 4292 esse
515 4238 991 4305 ablrnp.postCoucil.Arelst.couru1t.
1004 4239 1051 4286 rid.
1061 4239 1134 4301 infra,
1146 4256 1168 4301 p.
1179 4240 1247 4301 314.)

230 4322 322 4385 1(an
332 4322 357 4371 S.
365 4322 451 4386 opaci
463 4340 517 4385 qus
527 4331 665 4383 mquuntm
676 4336 752 4383 usque
762 4322 792 4368 ad
805 4321 885 4381 verbs,
898 4322 947 4369 Sed
956 4322 1013 4381 qaia
1026 4322 1052 4367 in
1063 4323 1115 4382 ipsa
1126 4335 1208 4379 cama,
1221 4320 1246 4366 iu

197 4401 358 4450 Consiliorum
371 4404 487 4451 editiones
498 4402 562 4449 haud
574 4404 701 4462 desrrmpta
712 4398 790 4463 sunt.)

241 4504 312 4544 Ἴθι.
329 4504 371 4544 lV.
696 4501 715 4541 0
731 4501 750 4541 0
