3242 5150
330 399 362 460 S.
386 397 607 462 DIONYSII
632 397 776 463 ALEX.
801 398 866 460 DE
890 398 1105 462 NATURA.
1180 399 1245 466 417

195 565 319 668 λόγοις
337 569 446 648 αὐτοῦ
463 568 689 672 παριίρτημα,
709 568 783 649 οἷον
804 575 835 649 εί
861 571 921 649 καὶ
946 569 1162 674 χρείιπτοιτο
1185 573 1245 652 καὶ

193 701 309 798 πτύοι,
328 701 380 798 τό,
398 735 436 804 τε
455 702 655 805 πρόσωπον
673 704 836 809 στρέφοι,
848 709 907 784 καὶ
922 702 989 802 τὴν
1001 711 1103 808 χεῖρα
1116 706 1239 804 κινοίη.

193 835 339 936 τοιαῦιη
356 835 429 938 γὰρ
457 836 664 937 ἀδιανόητος
691 836 737 937 ἦν
764 838 786 937 ἡ
814 839 899 941 παρ’
919 839 1015 944 αι’ντῷ
1032 841 1091 917 καὶ
1111 839 1245 938 ματαία

196 968 390 1073 ὑπόκρισις,
416 973 439 1071 ἦ
468 979 540 1052 τῶν
568 978 672 1052 Θεῶν
695 974 883 1070 ὀνομασία.
919 970 1019 1051 ἀλλά
1045 980 1151 1052 τοῦτο
1177 971 1245 1073 μὲν

171 1103 389 1205 ςπρόδηλον,
423 1104 478 1185 ὅτι
506 1104 597 1204 μετὰ
626 1104 690 1185 τὸν
713 1105 925 1209 Σωκράτους
954 1103 1108 1186 θάνατον
1135 1139 1239 1186 κατε·

194 1237 341 1342 πτηχὼς
352 1240 574 1337 Ἀθηναίους,
593 1241 642 1321 ὡς
652 1236 702 1337 μὴ
721 1241 840 1338 δοκοίη
859 1241 955 1318 τοῦθ
967 1238 1054 1342 ὅπερ
1071 1239 1126 1339 ἧν,
1138 1241 1242 1323 ἄθεος

195 1369 293 1471 εἶναι,
308 1370 411 1455 κενάς
424 1373 543 1455 αι’ντοΐς
554 1370 815 1452 ἀνυποστάτιον
829 1378 934 1452 Θεῶν
943 1373 1245 1476 τερατευσάμενος·

195 1504 430 1611 ἐζωγράφησε
455 1505 571 1589 σκιάς.
605 1508 684 1585 οὔτε
711 1505 783 1608 γὰρ
814 1512 862 1590 είς
888 1507 1038 1609 οὐρανὸν
1060 1507 1244 1614 ἀνείθλεφε

196 1645 327 1741 νοεροῖς
355 1640 569 1745 ὀφθαλμοῖς,
591 1639 649 1718 ἵνα
674 1643 738 1739 τῆς
762 1641 932 1742 ἐναργοῦς
959 1639 1094 1720 ἀνωθεν
1122 1647 1245 1748 φωνῆς

151 1808 187 1846 ιο
196 1773 345 1879 ἀκοίση,
364 1774 406 1874 ἧς
431 1773 706 1877 ὁπροσεκτικδς
731 1774 859 1875 θεατὴς
889 1776 1116 1861 κατακούσας
1136 1780 1245 1882 ε’ραρ-

194 1909 359 2010 τύρησεν,
393 1907 447 1988 ὅτι
478 1914 559 1988 ¹¹¹0i
588 1910 728 2011 οὐρανοὶ
761 1913 966 2010 διηγοῦνται
998 1907 1109 2015 δόξαν
1138 1915 1245 2008 Θεοῦ,

194 2045 342 2144 ποίησιν
370 2042 407 2122 δὲ
440 2050 568 2148 χειριῦν
599 2044 707 2124 αὐτοῦ
732 2043 949 2146 ἀναγγέλλει
976 2043 1019 2123 τῦ
1047 2045 1243 2148 στερέωμα.

195 2182 274 2259 οὕτε
293 2185 338 2284 τῇ
357 2181 492 2285 διανοίᾳ
511 2182 667 2258 κατεῖδεν
685 2185 733 2262 είς
748 2181 941 2286 τοῦδαφος·
969 2180 1076 2277 ἔμαθε
1094 2180 1166 2284 γάρ
1185 2178 1243 2272 ἀν,

195 2314 250 2393 ὅτι
280 2324 371 2394 ”cmi
392 2313 513 2398 ε’λίους
540 2316 676 2418 Κυρίου
703 2316 846 2418 πλήρης
873 2316 895 2413 ἡ
926 2319 983 2418 γῆ,
1009 2318 1067 2395 καὶ
1097 2315 1151 2395 dn
1180 2325 1245 2396 τοῦ

151 2477 184 2535 15
198 2450 332 2550 Κυρίου
366 2448 471 2550 ἡγη,
504 2450 563 2526 καὶ
591 2445 632 2527 τὸ
664 2447 847 2550 πλήρωμα
874 2450 991 2548 αὐτῆς.
1031 2452 1128 2528 οΚαὶ
1155 2448 1246 2549 μετὰ

196 2592 309 2663 ταῦτα
336 2581 419 2685 γὰρ,
439 2586 543 2686 φησὶ,
564 2582 697 2684 Κύριος
714 2589 762 2665 είς
784 2582 850 2682 τὴν
876 2588 944 2685 γῆν
970 2582 1161 2688 ἔπε’βλεφε,
1187 2586 1244 2662 καί

195 2718 393 2817 ἐνέπλησεν
412 2716 521 2815 αὐτὴν
546 2724 617 2795 τῶν
640 2720 786 2818 ἀγαθῶν
810 2718 931 2795 αὑτοῦ.
964 2714 1089 2821 ψυχὴν
1111 2715 1246 2800 παντὸς

196 2946 261 2984 rum
276 2924 464 3004 appendicem
479 2924 625 2992 effutiens,
637 2944 696 2981 non
746 2925 944 3003 superioribus
958 2946 974 2983 e
993 2924 1064 2985 locis
1079 2946 1178 2985 vocem
1192 2947 1245 2986 ex.

196 3006 281 3064 aliter
295 3027 328 3064 ac
342 3005 365 3064 si
381 3015 496 3063 exercet
509 3016 561 3063 eut
575 3016 695 3084 expuat,
745 3005 869 3073 audiret,
885 3024 942 3082 que
960 3006 1091 3064 intentus
1107 3006 1157 3065 ille
1174 3028 1244 3065 con·

149 3098 247 3144 20aut
261 3096 411 3144 convertet
425 3085 550 3152 vultum,
565 3097 617 3144 uut
634 3105 693 3142 ma·
746 3084 904 3163 templator
927 3086 1040 3144 afflatus
1064 3106 1130 3144 cum
1157 3098 1243 3158 esset,

197 3187 265 3224 num
295 3176 483 3225 commovent.
539 3165 695 3242 Ejusmodi
744 3164 927 3231 exclamavit,
946 3166 1014 3224 Coeli
1028 3174 1165 3225 enarrant
1181 3168 1244 3245 glo-

195 3247 304 3325 quippe
318 3246 412 3304 omnis
430 3246 486 3303 ists
499 3246 627 3303 Deorum
642 3266 694 3324 sp·
744 3245 819 3303 riam
831 3245 900 3311 Dei,
907 3254 932 3303 et
938 3267 1025 3324 opera
1036 3268 1169 3305 monicum
1181 3250 1245 3306 οὐκ

195 3326 315 3405 pollutio
329 3336 383 3395 est,
398 3326 544 3404 superflue
562 3325 692 3403 quaedem
744 3326 898 3383 annuntiat
910 3328 1136 3404 firmamentum.
1178 3270 1243 3387 dut

195 3427 229 3464 ec
248 3427 349 3464 sensus
366 3426 471 3485 expers
490 3406 637 3483 studiique
653 3406 692 3463 si·
744 3425 813 3463 vero
834 3406 928 3463 solum
953 3408 1047 3485 ipsum
1073 3419 1172 3466 mente
1193 3407 1244 3466 de-

150 3502 184 3560 25
196 3486 327 3545 mulatio.
375 3486 420 3545 At
461 3486 535 3545 illud
575 3486 693 3563 quidem
743 3486 860 3563 spexit;
889 3486 944 3545 hoc
967 3488 1045 3544 enim
1070 3488 1093 3545 si
1117 3488 1244 3554 fecisset,

195 3566 282 3643 louge
300 3567 502 3632 certissimum,
517 3587 582 3625 cum
600 3567 693 3624 Athe·
744 3564 892 3623 didicisset
906 3566 1019 3643 utique,
1030 3566 1109 3643 quod
1124 3568 1244 3625 Miseri.

195 3647 310 3705 nienses
323 3668 340 3705 e
355 3648 483 3705 Socratis
496 3646 618 3704 interitu
632 3665 693 3703 me·
744 3645 844 3703 cordio
859 3645 977 3703 Domini
995 3647 1080 3723 pleno
1098 3654 1137 3704 est
1153 3654 1242 3715 terra,

195 3737 302 3793 tueret,
327 3748 364 3783 ne
389 3727 483 3804 quulis
507 3737 570 3784 erut
593 3726 694 3783 atheos
744 3723 889 3801 quodque,
915 3725 1029 3783 Domini
1050 3740 1090 3783 est
1111 3734 1200 3793 terra.
1216 3734 1243 3785 et

196 3826 258 3864 esse
273 3808 427 3873 videretur,
442 3827 547 3864 vacuas
566 3806 602 3863 iis
621 3804 693 3863 levi·
742 3804 890 3881 plenitudo
903 3806 974 3884 ejus.
1018 3805 1061 3863 Et
1076 3805 1158 3872 illud,
1174 3809 1242 3865 Posi

146 3904 186 3961 30
196 3886 328 3945 culorum
352 3887 480 3944 Deorum
504 3887 620 3943 umbras
641 3906 692 3942 no·
744 3884 802 3941 liaec
824 3885 907 3951 enim,
930 3885 1035 3961 inquit,
1050 3886 1193 3944 Dominus
1213 3887 1242 3944 in

195 3986 264 4022 vum
288 3965 486 4024 circulatorem
512 3965 692 4022 informasse.
744 3965 1242 4043 terramrespeui!‚etimplevitiilam

197 4046 262 4103 Nec
273 4046 350 4103 enim
365 4046 497 4123 profecto
510 4055 561 4103 sut
575 4045 690 4123 spirita·
743 4043 820 4101 donis
832 4044 900 4101 suis.
948 4045 1052 4103 Anima
1073 4047 1163 4104 omnis
1179 4050 1241 4103 ιιιιὶ-

194 4125 272 4184 libus
292 4144 419 4202 uuquam
444 4125 536 4183 oculis
559 4125 692 4203 suspexit
744 4125 1075 4203 montisopcruitsnciem
1085 4128 1157 4203 ιηίις.
1180 4126 1241 4197 Qui

195 4205 226 4261 in
241 4204 356 4271 coelum,
368 4215 402 4263 ut
413 4202 597 4263 clarissimam
612 4203 691 4262 illam
743 4204 766 4262 si
782 4205 872 4262 nimie
887 4206 1016 4264 cecitate
1031 4225 1089 4262 uon
1099 4204 1241 4271 laborent,

259 4366 284 4397 m
297 4356 338 4405 1³1.
347 4356 415 4404 xviii.
430 4370 450 4405 ι.
572 4368 587 4396 ¹1
602 4357 640 4405 Pu.
653 4357 734 4405 miv.
749 4369 772 4418 5.
889 4367 903 4397 ⁰
917 4356 1007 4405 Decius.
1020 4356 1068 4403 xvi.
1083 4368 1122 4416 οη,
1136 4368 1175 4417 30.

237 4459 308 4501 von.
324 4460 366 4501 w.
673 4457 692 4521 3
710 4458 733 4499 u
