3242 5150
351 425 402 488 rn
427 423 642 489 eoncrtu
669 423 877 490 necess
901 425 1130 489 oenones.
1195 426 1260 489 me
1382 388 1384 392 ’

212 603 344 668 totores,
361 594 476 660 saecuio
490 595 594 660 nrum
610 616 694 658 nono
708 593 878 670 existente,
893 613 952 678 pro
966 594 1261 679 chorepiscoporum

212 698 370 782 dignitate
384 706 418 761 et
432 696 535 760 officio
549 695 831 760 calumniatoribus
844 716 954 758 eorum
967 697 1163 779 respondens
1177 697 1262 760 Rhe

212 801 314 864 benus
330 800 464 862 Maurus
479 799 733 884 archiepiscopus
743 797 956 883 Mogentinus
970 798 1003 860 in
1019 796 1111 860 Libro
1121 799 1160 862 de
1173 799 1263 861 Obor-

212 901 364 986 eps'eeopic,
388 901 461 964 huic
484 913 683 984 argumento,
706 899 811 963 eureis
833 898 883 962 his
903 899 1007 962 verbis
1029 921 1114 975 rusus,
1137 899 1263 963 obviem

213 1002 322 1064 iverat.
367 1005 516 1085 Apparet,
540 999 653 1082 inquit,
676 997 756 1083 quod
776 998 832 1062 iste
852 998 1022 1083 Philippeo
1035 1021 1095 1062 non
1108 1001 1179 1084 seit
1199 1002 1263 1086 epi·

207 1121 325 1187 'scopere
350 1124 442 1186 neque
463 1101 692 1186 chorepiecopee,
713 1100 767 1164 sed
789 1109 908 1177 tontum
931 1101 1077 1166 diaconus
1096 1112 1125 1166 et
1142 1124 1264 1187 evaneo·

214 1203 294 1268 liuta.
341 1204 380 1268 Si
401 1204 478 1266 enim
502 1203 723 1286 chorepiscopus
743 1211 823 1279 esset,
843 1225 1031 1287 nequaquem
1052 1205 1184 1288 scriptor
1204 1204 1264 1267 tis-

213 1304 300 1370 Μία
313 1305 366 1368 too
379 1305 526 1369 tacuisset.
571 1304 710 1368 Necdum
732 1305 811 1365 enim
825 1303 952 1388 apostoli
968 1303 1006 1367 ab
1021 1305 1149 1368 invicem
1158 1304 1264 1369 discet·

213 1417 323 1484 serant,
339 1416 373 1470 et
393 1409 428 1470 ιἰι
450 1407 577 1491 ιιίιριιίιι
592 1406 764 1490 provinciis
775 1406 837 1468 rice
850 1404 1023 1470 civitatibus
1040 1408 1189 1491 episcopor
1209 1417 1265 1472 cut

214 1507 432 1594 chorepiscopos
454 1507 654 1580 ordinarent,
686 1506 739 1570 sed
762 1507 797 1570 io
822 1507 1039 1589 Hierosolymo
1061 1516 1179 1572 tantum
1201 1531 1266 1572 ma-

215 1621 311 1674 nentes
323 1609 538 1695 predicabant
559 1608 679 1672 verbum
702 1609 772 1682 Dei,
788 1608 880 1672 (hoec
893 1609 1034 1693 Spiritus
1046 1610 1145 1672 nocti
1165 1610 1265 1696 depe

213 1713 321 1778 sitium
344 1723 457 1797 coponio
478 1713 523 1776 od
540 1711 779 1797 predicandum
801 1711 937 1797 pentibsoe
951 1733 1012 1797 per
1035 1711 1133 1776 orbem
1155 1713 1266 1779 directi

212 1825 305 1890 αιιιις
329 1816 428 1900 sieque
449 1815 544 1878 omnis
565 1815 637 1878 ordo
658 1813 871 1877 ecclesiasticae
889 1815 924 1876 in
937 1814 1065 1899 ιιίιριιὶιζι
1086 1814 1158 1879 iocis
1170 1817 1265 1899 jesca

215 1937 314 1982 eorum
329 1915 567 1982 destribetimwm
580 1914 770 1991 dietribotee,
786 1916 925 1980 meones
939 1917 974 1979 in
987 1916 1110 1980 ecclesia
1120 1918 1266 1984 catholice

215 2030 363 2085 servatur.
409 2020 461 2084 Sic
476 2018 526 2083 ille
540 2019 573 2081 in
588 2017 692 2081 libello
708 2040 729 2080 a
742 2017 871 2080 Buluzio
886 2016 974 2101 operi
991 2018 1080 2082 Petri
1095 2018 1135 2083 de
1150 2019 1265 2085 Marce

217 2124 265 2186 De
276 2122 442 2186 eoncordia
454 2120 629 2186 Sacerdotii
639 2129 665 2182 et
677 2119 808 2203 Imperii
818 2119 981 2202 adjuncto,
992 2141 1023 2204 p.
1037 2140 1049 2183 1
1055 2124 1129 2202 3⁶⁴·
1163 2123 1265 2186 Porro

216 2224 276 2304 hoc
298 2223 613 2288 animadvertendum
633 2231 692 2295 est,
714 2221 886 2284 concedere
906 2221 1003 2304 ipsos,
1019 2243 1099 2305 quos
1120 2223 1200 2300 dixi,
1214 2223 1260 2288 in·

216 2333 374 2411 terpretes
390 2328 528 2398 Graecos,
544 2323 619 2386 dum
635 2323 676 2385 ad
693 2322 856 2404 Aneyram
871 2321 1001 2384 Concilii
1016 2344 1168 2412 canonem
1183 2325 1263 2389 ceie-

215 2428 305 2492 brem
327 2427 413 2490 ilium
430 2427 539 2490 XIII.
563 2433 831 2498 commentantur,
852 2425 1085 2509 chorepiscopis
1107 2427 1212 2502 licere,
1228 2436 1265 2494 uc

217 2529 420 2614 presbyteros
433 2535 466 2591 et
482 2528 631 2591 diaconos
646 2526 852 2611 permittente
867 2526 955 2590 urbis
974 2526 1121 2611 episcopo
1140 2529 1265 2593 ordina·

216 2641 298 2695 rent.
331 2631 380 2694 De
395 2629 627 2714 chorepiscopis
638 2638 746 2692 autem
761 2628 882 2712 optime
892 2639 1036 2712 egerunt,
1049 2650 1145 2713 opere
1156 2639 1265 2698 tamen

217 2732 375 2808 Rhcbcni,
405 2732 488 2816 quod
519 2731 688 2794 dolendum
719 2739 779 2805 est,
803 2730 890 2793 houd
915 2731 975 2803 usi,
1002 2730 1195 2816 Beveregius
1223 2735 1265 2798 ed

219 2837 350 2899 Oenones
375 2838 566 2918 Ancyram,
597 2833 669 2897 Gul.
694 2832 820 2908 Gavius,
845 2832 926 2895 libro
956 2833 1004 2895 De
1035 2833 1266 2897 Ohrmts'oniemc

216 2937 373 3001 Primoeco
396 2937 504 3020 lingue
527 2943 638 2999 nostra
661 2933 852 3018 conscripto,
880 2933 1148 3018 Binghemusque,
1176 2938 1264 3020 θήρ.

216 3036 387 3101 Eeelccimt.
412 3037 464 3101 lib.
479 3037 509 3099 ii.
532 3057 601 3121 cap.
624 3057 669 3114 ¹4·
716 3036 804 3098 Dum
826 3056 900 3098 vero
922 3035 969 3099 eit
993 3034 1119 3110 cavius,
1140 3045 1223 3120 part.
1237 3037 1264 3101 Ι.

217 3161 286 3224 cap.
302 3140 363 3203 viii.
388 3162 459 3225 pog.
478 3158 549 3217 224.
573 3138 651 3202 setis
673 3159 830 3223 superque
853 3148 1009 3215 constare,
1034 3142 1222 3219 περιοδευτᾶς
1244 3162 1265 3204 α

217 3241 348 3306 concilio
371 3251 481 3327 posteo
509 3242 687 3305 Laodiceno
711 3241 742 3303 in
766 3263 886 3305 cunone
902 3240 1010 3305 LVII.
1035 3242 1104 3305 loco
1124 3241 1265 3327 chorepi-

217 3364 382 3428 scoporum
398 3344 599 3421 constitutos,
614 3343 742 3407 eosdem
757 3343 852 3406 fuisse
867 3350 965 3426 etque
983 3345 1157 3425 ἐπιχωρίους
1171 3369 1263 3423 πρεσ-

216 3446 370 3527 βυτέρους,
385 3446 438 3531 qui
459 3446 490 3509 in
511 3446 571 3509 hoo
587 3445 715 3510 Oenone
736 3452 960 3520 memorentur,
977 3446 1009 3508 in
1027 3445 1124 3508 dubio
1143 3444 1177 3507 id
1195 3466 1264 3511 esse

217 3547 293 3611 mihi
309 3548 436 3633 quidem
452 3548 596 3623 videtur3
619 3547 673 3630 qui
688 3546 771 3610 enim
783 3546 839 3609 diu
850 3553 925 3611 onte
940 3545 1008 3610 haec
1019 3558 1166 3632 temporo
1179 3569 1265 3631 pres-

218 3649 320 3733 byteri
341 3649 373 3713 in
396 3650 471 3713 vicis
491 3657 589 3733 etque
609 3648 789 3733 regionibus
808 3648 975 3713 constituti
994 3650 1133 3725 fuerent,
1146 3650 1264 3715 ibidem

216 3757 364 3833 residere,
381 3758 407 3821 si
423 3758 469 3823 ito
484 3758 569 3842 loqui
585 3758 632 3823 ses
647 3768 708 3832 est,
723 3758 807 3821 houd
824 3758 968 3833 euenire,
984 3758 1069 3822 soliti
1083 3766 1168 3824 sunt.
1204 3765 1262 3823 Πι-

215 3862 362 3940 ριοδευταὶ
381 3861 414 3923 δὲ
433 3860 585 3942 λέγονται,
609 3859 656 3923 ait
679 3860 831 3933 Zonaras,
854 3864 902 3924 διὰ
925 3861 959 3923 τὸ
981 3861 1194 3944 περιέρχεσθαι
1217 3862 1265 3925 καὶ

217 3964 397 4042 καταρτίζειιι
411 3963 479 4029 τοὺς
493 3962 623 4035 πιστοὺς,
638 3963 678 4041 μὴ
694 3964 815 4045 ἔχοντες
835 3964 980 4045 καθέδραν
999 3964 1123 4027 αἰκείαν.
1169 3964 1264 4029 Certe

217 4062 271 4127 diu
290 4071 387 4127 antee
402 4062 572 4147 Dionysius
593 4064 831 4128 Alexandrinus
849 4065 891 4129 ad
911 4086 946 4129 se
963 4086 1091 4131 vocasse
1111 4064 1159 4129 eit
1178 4066 1264 4149 epud

216 4163 440 4239 Amerinum,
462 4186 533 4248 quae
552 4164 691 4249 AEgypti
712 4175 773 4243 est,
790 4168 859 4233 τοὺς
877 4168 1097 4248 πρεσβυτέρους
1119 4167 1166 4229 καὶ
1186 4170 1264 4230 διδα-

218 4264 348 4333 σκάλους
361 4272 422 4330 τῶν
436 4269 471 4330 ἐν
482 4274 545 4334 ταῖς
557 4268 663 4346 κόμαις
674 4268 825 4347 ἀδελφῶν.
839 4268 893 4333 lib.
904 4268 937 4333 ii.
955 4270 1003 4333 Do
1016 4269 1163 4333 ΡΜ.
1177 4269 1264 4352 apud

220 4365 381 4436 Eussner.
391 4370 431 4433 Ε.
443 4368 549 4446 vii.24.
573 4367 684 4447 Immo,
695 4370 779 4453 quod
789 4369 837 4433 vei
847 4370 989 4454 apertius
998 4369 1100 4460 est,in
1111 4367 1264 4439 Archelai
