3242 5150
381 383 426 444 58
713 381 1071 447 ANNOTATIONES

427 552 464 615 P.
474 553 548 616 28.l.
559 573 606 638 13.
618 554 838 620 ἔλαθεναύτοὺς
844 555 1024 638 deviemini
1034 552 1215 635 πράξαντας]
1227 553 1289 615 Pro
1295 551 1374 615 edite
1380 553 1433 612 τοῦ

381 653 548 736 πράξαντος
556 654 705 719 substitui
716 661 802 720 τοῦτο
814 655 993 736 πράξαντας,
1004 678 1044 718 ex
1055 653 1205 717 codicibue
1214 664 1276 718 octe
1287 655 1432 736 desumtr

381 765 473 832 tum;
496 758 572 820 dum
594 779 731 821 oenones
754 758 845 822 Petri
866 779 976 822 omnes
997 756 1104 821 omisit
1125 757 1167 820 ed
1189 778 1289 840 neque
1311 756 1432 820 Canon.

384 859 430 922 X.
453 860 525 921 MS.
548 859 637 923 eodee
658 880 788 922 numero
812 861 864 922 86.
886 858 1082 942 designatus.
1141 857 1248 921 Vertit-
1269 857 1433 920 OEeolam—

382 961 494 1046 padiue
519 960 588 1046 jam
617 971 821 1037 memoratus,
848 982 916 1023 eum
937 959 1035 1045 igiter
1058 957 1125 1022 θαι
1141 980 1202 1044 per
1227 957 1433 1042 iqiwraetiem

373 1061 514 1144 steterim,
522 1069 673 1146 tanquam
680 1062 706 1125 ei
716 1060 799 1124 idem
809 1061 990 1124 invenisset.
1006 1058 1432 1143 NunequoqueMSStorum

380 1162 548 1227 lectionem
558 1167 646 1226 τοῦτο
654 1162 822 1243 πράξαντας
830 1162 998 1225 confirmat
1006 1159 1184 1224 Pedalium.
1209 1159 1293 1223 Olim
1305 1159 1432 1244 quidem

381 1265 537 1351 opinabar
551 1265 766 1350 reponendum
781 1285 850 1328 esee
869 1265 983 1327 ἔλαθον
999 1263 1104 1329 αὐτοὺς
1119 1284 1177 1347 pro
1192 1263 1303 1326 ἔλαθεν
1318 1263 1431 1337 αὐτοὺς,

380 1367 435 1430 eed
454 1367 514 1431 hoe
536 1367 610 1430 ferri
633 1372 750 1452 potest.
807 1365 953 1430 Positum
974 1375 1025 1430 eet
1046 1366 1078 1428 in
1093 1366 1222 1431 Oenone
1244 1365 1309 1428 XI.
1334 1368 1361 1428 εἰ
1382 1366 1432 1428 καὶ

380 1467 548 1532 ἐλάνθανεν
563 1468 670 1532 ἑαυτὸν
686 1469 857 1548 νικώμενον.
882 1491 954 1553 pag.
970 1471 1023 1552 38.
1041 1467 1094 1530 lin.
1109 1486 1141 1552 5.

426 1571 463 1634 P.
490 1589 540 1654 29.
562 1569 582 1633 l.
608 1589 635 1633 2.
659 1570 747 1652 ὅπερ]
780 1572 851 1633 Hoe
874 1591 933 1656 pro
954 1572 1061 1650 ὅσπερ,
1083 1576 1117 1632 et
1139 1568 1233 1653 paulo
1255 1567 1337 1631 inim
1359 1568 1431 1633 αὐτὸ

379 1672 423 1736 lin
435 1691 466 1757 5.
482 1695 541 1757 pro
556 1672 653 1748 αὐτὸς,
670 1694 687 1735 e
702 1671 855 1735 codicibus
868 1681 977 1756 septem
992 1670 1117 1754 seriptis
1131 1670 1244 1754 reeepi.
1289 1670 1431 1752 Cumque

379 1797 400 1838 a
429 1773 528 1846 codiee
553 1776 625 1856 625.
649 1773 901 1837 Itawlineoniaew
930 1773 963 1836 in
988 1773 1058 1836 ead.
1085 1772 1230 1835 biblioth.
1256 1771 1431 1834 Bodleiane

379 1883 506 1937 servat-0
520 1873 628 1938 absint
642 1877 749 1938 omnia
768 1898 788 1938 α
806 1875 919 1951 verbis,
940 1877 1028 1952 ἐδόθη
1047 1875 1126 1954 ἡμῖν,
1144 1873 1199 1936 lin.
1220 1894 1247 1935 1.
1270 1873 1430 1956 usquead

379 1975 518 2040 Oanonis
545 1975 660 2050 finem;
695 1976 728 2038 in
757 1976 843 2039 nullo
871 1975 970 2060 igitur
996 1976 1105 2040 codiee
1134 1974 1254 2060 seripto
1279 1974 1432 2038 lectiones

378 2085 515 2162 receptae
544 2086 739 2162 comparent.
786 2079 826 2140 In
855 2077 1025 2141 novissima
1053 2076 1193 2141 editione
1219 2077 1430 2141 conciliorum

380 2180 482 2260 ὥσπερ
497 2179 635 2263 positum
651 2201 720 2243 esee
735 2201 819 2242 nune
834 2179 934 2243 video.

425 2280 507 2345 Ibid.
522 2281 542 2344 Ι.
564 2301 610 2344 11.
634 2282 701 2362 περὶ
722 2281 835 2360 ἧς-ἐν
856 2285 896 2366 τῷ
919 2284 1045 2360 στόματι
1067 2281 1196 2368 ἑαυτῶν]
1230 2279 1325 2344 Hane
1341 2277 1431 2343 Petri
1466 2305 1471 2312 ·

379 2381 546 2466 pericopen
562 2406 601 2446 ex
616 2383 745 2468 quinque
760 2381 885 2446 restitui
897 2381 1040 2459 dissiti,
1053 2403 1124 2466 quae
1139 2388 1271 2466 propter
1284 2381 1318 2444 τὸ
1333 2383 1432 2459 ὁμοιο-

379 2484 520 2546 τέλευτον
534 2484 671 2547 antehae
686 2483 718 2546 in
734 2483 855 2547 Graecis
870 2482 987 2547 omissa
1006 2491 1087 2548 erat.
1133 2482 1196 2546 Sed
1219 2483 1318 2545 donee
1333 2481 1430 2544 Beve·

379 2586 485 2670 regius
513 2587 715 2671 suppleverat
744 2596 819 2651 octo
848 2590 956 2664 verba,
981 2608 1052 2670 quae
1079 2585 1222 2670 proxime
1244 2600 1431 2668 sequuntur,

378 2688 476 2752 etiam
502 2688 603 2773 magis
628 2710 741 2752 manea
762 2688 868 2752 fuerat
889 2687 1005 2764 oratio,
1027 2687 1068 2751 ed
1092 2708 1163 2772 quae
1185 2686 1312 2771 quidem
1334 2687 1431 2751 verbe

378 2790 423 2853 ita
437 2798 550 2874 postea
567 2789 764 2865 Herduinus,
781 2798 800 2825 “
812 2788 893 2853 Haee
908 2810 979 2873 quae
994 2789 1112 2852 omissa
1132 2796 1233 2863 erant,
1249 2788 1432 2873 supplemus

379 2900 454 2953 “ex
477 2890 549 2954 MS.
574 2890 652 2975 Reg.
678 2891 790 2974 2038.”
847 2890 1037 2975 Beveregiue
1058 2889 1186 2975 quidem
1207 2890 1363 2969 ediderat,
1385 2893 1432 2954 ὅτι

377 2992 495 3069 Ἰησοῦς
521 2992 651 3072 Χριστὸς
677 3013 735 3075 pro
761 2991 824 3068 illo,
847 2994 894 3055 ὅτι
917 2994 1024 3073 Κύριον
1044 2989 1170 3071 Ἰησοῦς.
1226 2991 1329 3076 Atqui
1351 2993 1431 3057 dant

377 3092 514 3156 eltemm
534 3096 580 3158 ὅτι
602 3096 709 3174 Κύριος
726 3094 853 3174 Ἰησοῦς,
873 3117 937 3158 une
956 3116 1028 3158 eum
1045 3094 1211 3159 Harduiei
1228 3096 1323 3159 Msaeo
1343 3094 1429 3158 eodd.

377 3196 437 3259 mei
450 3218 547 3260 omnm
562 3204 679 3281 praeter
698 3196 762 3260 eod.
786 3215 858 3281 205.
881 3197 914 3259 in
936 3219 998 3282 quo
1021 3203 1130 3261 temen
1151 3202 1254 3274 extat,
1278 3198 1428 3280 quemad-

377 3298 506 3360 modum
528 3297 560 3361 in
584 3297 792 3361 Alexandrino
814 3299 899 3361 Neoi
926 3299 1105 3363 Testamenti
1126 3299 1235 3375 MSto,
1257 3300 1303 3361 ὅτι
1326 3300 1431 3379 Κύριος

375 3398 491 3478 Ἰησοῦς
505 3400 643 3479 Χριστός.
688 3399 838 3463 Ceterum
852 3400 948 3483 paulo
961 3408 1038 3463 ente
1054 3399 1244 3484 Beveregius
1258 3400 1430 3484 ,usmiquo

377 3499 489 3564 codices
508 3498 673 3563 Bodleiani
694 3499 905 3580 μεμαθήκαμεν
928 3522 985 3585 pro
1003 3500 1173 3581 μεμάθηκεν
1193 3500 1283 3564 nobie
1303 3501 1427 3587 praebu·

377 3612 478 3666 erent.
526 3602 589 3666 Per
603 3602 671 3666 haee
692 3611 801 3667 autem
820 3602 927 3667 omnia
946 3625 1068 3666 meeum
1085 3605 1289 3668 consentiunt
1307 3610 1430 3668 veteres

379 3702 607 3787 OEeolanqmdii
622 3703 811 3787 Hereetique
827 3704 1092 3788 [interpretationes
1100 3732 1114 3781 ‚·
1145 3704 1242 3769 immo
1262 3704 1429 3769 Pedalium

376 3810 571 3875 (timorum,
585 3804 668 3887 quod
685 3826 767 3867 nune
782 3806 910 3868 demum
926 3805 999 3870 vidi.
1045 3806 1157 3871 Habet
1172 3829 1297 3892 quoque
1312 3806 1430 3892 Sylleye

385 3907 492 3969 Veneta
506 3904 725 3985 μεμαθήκαμεν.

785 4072 941 4137 GANON
966 4076 1023 4138 vl.

421 4214 459 4276 P.
474 4231 527 4296 30.
542 4213 562 4277 l.
579 4233 610 4297 3.
627 4215 894 4295 καταπειληθέντες
907 4216 952 4300 τε]
976 4216 1068 4281 Nune
1089 4216 1228 4301 adjioele
1243 4216 1319 4280 mihi
1339 4214 1429 4280 licuit

376 4316 492 4379 iterum
505 4315 574 4380 haec
589 4316 694 4380 edenti
711 4317 900 4400 particulam
916 4320 947 4381 τὲ
963 4340 1003 4382 ex
1018 4318 1161 4381 Pedalie.
