3242 5150
365 405 431 468 eoa
553 398 828 465 coucnnum
853 361 1177 465 Anamuaus'n
1202 399 1228 464 1.

362 575 495 681 χλεύης
523 572 669 654 διδόναι·
702 571 785 652 ὅθεν
811 571 1028 674 προνοητέον
1055 605 1116 670 μοι
1143 572 1293 674 ἐγένετο,
1318 571 1416 656 ὅπως

363 719 479 808 τοῦτο,
499 709 586 813 ὅπερ
604 712 712 813 ἐχρῆν
730 705 823 807 μετὰ
839 706 906 806 τὴν
930 707 1177 814 ε’ξενεχθεῖσαν
1198 709 1266 810 ἤδη
1285 710 1416 812 κρίσιν,

364 843 561 951 αὐθαιρέτῳ
594 840 860 944 συγκαταθέσει
886 850 1106 941 πεπαῦσθαι,
1136 840 1204 950 κᾷν
1236 852 1300 924 νῦν
1328 843 1417 924 ποτὲ

364 987 499 1087 δυνηθῇ
517 987 669 1060 πολλῶν
678 977 869 1083 παρόντων
882 977 1008 1062 τέλους
1021 986 1152 1084 τυχεῖν.
1167 977 1286 1078 ἐπειδὴ
1297 981 1417 1061 τοίνυν

364 1119 559 1201 πλείστους
578 1118 616 1195 ἐκ
635 1112 818 1223 διαφόρων
836 1117 895 1195 καὶ
914 1113 1105 1215 ἀμυθήτων
1122 1112 1245 1196 τόπων
1263 1116 1414 1196 ἐπισκό-

363 1285 454 1336 πους
482 1258 531 1335 εὶς
552 1249 619 1352 τὴν
642 1252 946 1354 ιιἈρεταλησίιον
970 1247 1080 1332 πόλιν
1104 1251 1191 1331 ε’ίσω
1212 1256 1417 1332 Καλανδῶν

366 1385 589 1489 Αύγούστων
616 1391 804 1465 συνελθεῖν
831 1383 1080 1484 ἐκελεύσαμεν,
1098 1393 1157 1465 καὶ
1184 1391 1246 1465 σοὶ
1272 1386 1415 1492 γράψαι

364 1523 589 1621 ἐνομίσαμεν,
601 1522 660 1601 ἵνα
672 1520 800 1616 λαβὼν
813 1518 913 1625 παρὰ
924 1529 988 1601 τοῦ
1000 1521 1255 1623 λαμπροτάτου
1269 1527 1418 1625 Λατρω-

366 1667 485 1738 νιανοῦ
510 1666 574 1737 τοῦ
601 1670 616 1701 ¹
629 1655 862 1762 κονιήκτορυς
892 1659 1055 1742 Σικελίας
1083 1657 1259 1758 δημόσων
1286 1657 1417 1762 ὄχημα.

365 1791 539 1899 συζεύξας
557 1798 699 1900 σεαυτῷ
713 1796 772 1872 καὶ
790 1792 853 1873 δύο
872 1792 920 1895 γε’
929 1828 1026 1877 τινας
1039 1801 1112 1873 τῶν
1125 1797 1164 1873 ἐκ
1177 1802 1242 1873 τοῦ
1256 1794 1418 1896 δευτέρου

366 1927 506 2034 θρόνου,
526 1929 587 2013 οὓς
614 1927 659 2007 ἂν
687 1925 736 2007 σι)
764 1929 870 2013 αὐτὸς
898 1929 1133 2036 ἐπιλέξασθαι
1161 1929 1291 2034 κρίνῃς,
1318 1924 1419 2006 ἀλλὰ

365 2061 438 2162 μὴν
456 2066 514 2142 καὶ
541 2070 634 2164 τρεῖς
660 2067 790 2147 παῖδας
818 2063 901 2147 τούς
928 2064 1191 2164 δυνησομένους
1218 2068 1300 2165 ύμῖν
1327 2063 1419 2143 κατὰ

365 2197 433 2298 τὴν
451 2196 535 2276 ὁδόν
554 2198 852 2301 ύπηρετήσασθαι
869 2199 1108 2300 παραλαβὼν,
1123 2200 1209 2280 εἵσω
1229 2204 1292 2299 τῆς
1310 2200 1418 2295 αι’πῆς

367 2334 501 2438 ἡμέρας
519 2336 577 2413 ε’πὶ
595 2341 647 2441 τῷ
667 2334 909 2443 προειρημένῳ
927 2335 1028 2444 τόπῳ
1051 2335 1275 2435 οῖπύντησον·
1306 2340 1354 2421 ὡς
1373 2333 1419 2414 ἂν

368 2466 427 2546 διό
445 2500 484 2546 τε
501 2471 566 2568 τῆς
584 2472 655 2566 σῆς
679 2467 928 2573 στερρότητος,
947 2471 1006 2548 καὶ
1030 2467 1089 2548 διδ
1107 2473 1170 2569 τῆς
1189 2474 1319 2569 λοιπῆς
1347 2475 1419 2549 τῶν

367 2602 564 2684 συνιόντων
575 2602 766 2711 ὁμοψύχου
776 2609 835 2683 καὶ
845 2602 1419 2712 όμόφρονοςσυνέσεως,καὶτοῦτο

368 2738 456 2840 ὅπερ
474 2740 557 2843 ἄχρι
575 2748 640 2819 τοῖν
664 2744 768 2843 δεῦρο
786 2738 936 2846 φαύλως
959 2741 1001 2818 δι’
1021 2739 1176 2843 αἰσχρός
1193 2774 1292 2825 τινας
1316 2740 1419 2843 ζυγο-

367 2875 499 2978 μοχίας
511 2875 811 2977 παραμεμενηκεν,
825 2874 1074 2954 ἀκουσθέντων
1087 2872 1233 2955 πάντων
1246 2882 1318 2953 τῶν
1332 2886 1420 2971 μελ-

368 3007 508 3087 λόντων
521 3007 770 3111 λεχθήσεσθαι
783 3008 883 3111 παρὰ
901 3016 974 3088 τῶν
992 3018 1056 3088 νῦν
1075 3012 1134 3089 ἀπ’
1148 3007 1326 3109 ἀλλήλων
1343 3014 1414 3090 διε·

368 3254 489 3311 tiantur.
532 3252 679 3323 Quoniam
693 3274 763 3331 ergo
777 3253 867 3332 pluri·
919 3266 1023 3321 strent,
1044 3255 1170 3321 adscitis,
1186 3255 1396 3333 designatum
1387 3276 1417 3313 ιυ

368 3354 431 3392 mos
455 3352 492 3391 ex
521 3333 643 3392 diversis
669 3334 869 3411 compluribus
919 3334 1015 3393 locum
1037 3335 1074 3393 ad
1098 3334 1173 3394 diem
1197 3337 1364 3414 praedictam
1386 3346 1418 3394 te

369 3414 441 3472 loeis
474 3415 625 3493 episcopos
653 3415 683 3472 in
711 3413 867 3473 Arelaten-

369 3494 444 3553 sium
460 3495 568 3574 oppido
582 3494 619 3552 ad
636 3494 785 3554 Kalendas
802 3495 867 3553 Au-

368 3575 446 3651 gusti
457 3575 818 3655 oouvenireproecepimus,
830 3577 868 3635 ti-

370 3654 399 3712 bi
414 3657 499 3713 etiarn
511 3677 564 3735 per
577 3656 690 3716 litteras
704 3657 868 3734 significan.

369 3734 439 3792 dum
448 3735 593 3802 duximus,
604 3748 637 3794 ut
651 3748 771 3815 accepto
783 3758 800 3795 a
811 3737 867 3796 ela·

369 3814 483 3873 rissimo
501 3816 565 3873 viro
585 3817 773 3881 Latroniano.
795 3820 867 3876 Cor·

369 3905 481 3954 rectore
506 3896 624 3961 Sicilie,
648 3896 765 3974 publico
787 3897 869 3956 vehi.

370 3973 446 4043 culo,
461 3996 528 4033 eam
551 3975 666 4034 duobus
683 3976 747 4033 aliis
766 3998 868 4035 secun·

919 3416 1067 3475 conform:
1106 3427 1140 3474 ut
1168 3436 1221 3495 per
1246 3416 1418 3495 gravitatem

919 3506 1010 3563 tuam,
1034 3508 1064 3556 et
1088 3507 1250 3556 ceterorum
1275 3497 1326 3573 qui
1349 3516 1417 3554 oon-

919 3578 1035 3635 venturi
1053 3589 1130 3644 sunt,
1150 3578 1327 3643 unanimem,
1349 3596 1417 3635 oon-

919 3656 1137 3751 spirantemque
1150 3656 1344 3736 prudentiam.
1359 3656 1419 3716 dis-

919 3736 1027 3795 crdium
1049 3738 1114 3803 hoo,
1129 3737 1208 3815 quod
1227 3736 1303 3796 male
1320 3739 1419 3796 hacte-

919 3836 975 3874 nus
999 3838 1051 3896 per
1074 3818 1166 3877 foedas
1189 3818 1327 3894 quasdam
1350 3838 1419 3876 eon-

919 3898 1066 3957 tentiones
1088 3909 1262 3992 perseverat,
1284 3898 1419 3957 omnibus

920 3977 1038 4045 auditis,
1053 3998 1117 4055 quae
1132 3979 1202 4037 ab'‘
1183 3998 1218 4035 ua
1232 3980 1283 4054 qui
1297 3980 1375 4036 inter
1388 3996 1420 4071 se

370 4054 414 4113 dae
429 4054 515 4125 sedis,
530 4074 604 4132 quos
621 4056 685 4133 ipse
701 4055 871 4134 deligendos
920 4078 999 4117 nuno
1019 4058 1419 4196 dissident,quosqueXar1-

367 4100 553 4211 judieareiis,
575 4136 728 4213 tribusque
748 4157 807 4195 una
827 4138 870 4196 fa·
920 4149 965 4196 ter
979 4137 1098 4198 adesse
1086 4158 1237 4217 jussimus
1248 4159 1279 4197 ιιι
1291 4160 1337 4197 me
1359 4158 1419 4196 rum

371 4216 467 4282 mulis,
482 4218 533 4293 qui
554 4216 665 4273 vobia'
657 4236 686 4273 ιιι
703 4216 749 4275 via
768 4218 868 4275 minis·

406 4393 476 4444 unro
486 4379 674 4443 Ἀρηλατηαίιιν.

921 4219 1116 4295 proferentur,
1129 4218 1164 4277 ad
1179 4219 1306 4278 debitam
1321 4217 1420 4295 religi.

809 4393 823 4421 ¹
840 4386 909 4445 δορα,
921 4382 1089 4447 Κανρήκτορος,
1100 4382 1144 4447 (sio
1161 4385 1269 4433 Valerius
1279 4382 1388 4447 aliique.)
