3242 5150
376 419 441 481 uso
459 415 693 481 JUSTELLI
718 414 782 477 ET
809 411 1073 476 BEVEREGII
1098 409 1379 473 ANNOTATT.

376 585 479 643 chiano
493 582 528 642 ad
544 592 713 663 praesentem
729 601 867 640 canonem
883 581 938 639 hoc
952 580 1092 638 scholium
1108 580 1275 658 apponitur,
1288 589 1423 651 Καταχαυ·

374 685 466 754 μένους
485 685 557 755 λέγει
574 683 685 739 πιστοὺς
705 680 878 748 βαπτίζεσθαι
898 681 1051 749 μέλλοντας.
1073 677 1121 734 δύο
1141 679 1171 733 δέ
1192 675 1291 731 τούτων
1310 676 1376 746 εἴδη·
1397 678 1423 730 oi

373 782 420 849 μέν
433 781 483 852 γάρ
497 779 556 851 cipri
572 781 775 851 προσέρχονται,
790 778 832 832 διὸ
850 779 892 832 καὶ
914 778 948 833 iss
965 776 1131 847 ἀτιλέστιροι
1148 774 1213 844 peri
1231 774 1278 844 τὴν
1297 773 1423 844 ἀκρόασιν

372 880 426 931 τέιν
441 879 551 948 γραφῶν
571 879 613 931 καλ
632 881 684 932 τῶν
704 876 780 931 θείων
793 874 951 947 εὐαγγελίων
963 874 1038 930 aidis
1057 873 1166 943 έξέασιν·
1190 873 1215 926 oi
1228 872 1257 926 δέ
1274 871 1323 940 ἤδη
1335 891 1420 941 προσ·

373 975 463 1044 ἦλθον,
478 974 519 1027 καὶ
538 976 664 1046 γεγόνασι
684 975 841 1045 τελοιότεροι
853 975 906 1026 τῶν
922 972 980 1044 ἀρτι
996 969 1222 1042 προσερχομένων,
1237 968 1297 1024 ὅθεν
1314 970 1356 1022 καὶ
1374 968 1422 1036 τὴν

373 1071 416 1126 ini
429 1073 483 1127 τοῖς
501 1072 699 1140 κατηχουμένοις
719 1070 797 1140 εὐχὴν
817 1068 993 1138 ἀναμένοντες,
1008 1068 1039 1121 τὸ
1056 1069 1119 1138 γόνν
1132 1063 1266 1118 κλένουσιν
1282 1063 1311 1116 έν
1330 1060 1420 1130 ταύτῃ.

376 1164 594 1222 catechumenos
602 1165 795 1240 uocatſsdeles,
805 1164 856 1242 qui
864 1163 1030 1241 baptismum
1038 1158 1199 1238 suscepturi
1209 1165 1284 1216 sunt.
1312 1157 1420 1216 Eorum

375 1268 467 1319 autem
482 1259 543 1316 dua
564 1267 633 1318 sunt
653 1261 770 1339 species.
815 1259 951 1319 Nonnulli
969 1259 1042 1316 enim
1064 1258 1144 1316 modo
1161 1256 1300 1314 accedunt
1311 1272 1325 1321 ,·
1348 1275 1420 1334 quo-

372 1367 489 1437 propter
503 1365 534 1415 ut
548 1356 768 1437 imperfectiores
778 1367 844 1438 post
858 1357 1065 1435 scripturarum
1080 1363 1106 1413 et
1125 1353 1283 1413 divinorum
1299 1373 1420 1430 euange-

373 1456 476 1515 liorum
490 1454 661 1512 auditionem
674 1456 806 1533 protinus
816 1455 1019 1534 egrediuntur:
1041 1452 1094 1511 olii
1105 1459 1197 1509 autem
1208 1450 1329 1508 antehac
1340 1469 1420 1508 uene

373 1559 450 1621 runt,
473 1558 499 1610 et
519 1550 705 1629 perfectiores
727 1552 773 1619 iis,
790 1553 840 1632 qui
858 1552 938 1610 modo
956 1551 1103 1613 accedunt,
1118 1547 1200 1625 facti
1218 1555 1307 1613 sunt;
1329 1569 1420 1626 qrtare

372 1649 457 1707 etiam
472 1648 515 1706 itti
529 1649 568 1706 ad
580 1648 733 1707 orationem
749 1669 837 1728 nsque
847 1667 903 1728 pro
919 1646 1127 1706 catechumenis
1134 1645 1249 1720 factam
1265 1653 1418 1708 monentes,

373 1745 401 1803 in
416 1765 449 1803 eo
462 1746 629 1824 peragendo
640 1745 842 1824 genrrstectunt.
884 1744 986 1804 Simile
999 1744 1068 1802 huic
1082 1742 1230 1800 Scholium
1246 1743 1275 1799 in
1293 1742 1418 1799 Harme-

372 1839 474 1919 nopuli
493 1840 639 1916 epitomen
660 1841 748 1917 hujus
767 1844 885 1901 anonis
905 1853 996 1911 erut,
1012 1842 1057 1900 his
1078 1838 1181 1905 verbis,
1197 1840 1250 1896 Διἰο
1270 1845 1322 1895 τῶν
1341 1862 1417 1909 κατη-

371 1940 504 2009 χουμένων
517 1936 585 2006 ἦσαν
597 1939 692 2008 rifeos,
708 1939 723 2008 ἦ
739 1941 786 2010 μέν
804 1945 856 1996 τῶν
873 1944 1083 2014 γοννκλινόντων,
1098 1939 1113 2007 ἦ
1126 1939 1281 2009 τιλτιοτέρα,
1296 1938 1312 2006 ἡ
1326 1939 1355 1992 δέ
1368 1941 1419 1992 τῖον

372 2035 547 2106 ἀκροωμένων,
569 2035 585 2104 ἡ
605 2035 771 2108 ἀτιλεστέρα.
793 2035 865 2111 λέγει
884 2041 957 2110 γοῦν,
972 2037 996 2091 si
1015 2041 1067 2091 τῶν
1086 2037 1289 2108 γονυκλινάντων
1309 2034 1357 2104 εἴη,
1376 2036 1418 2089 καὶ

371 2133 489 2204 ἀμάρτοι,
504 2133 668 2202 παυσάμενος
680 2135 727 2186 τοῦ
740 2132 894 2205 ἁμαρτάνειν
905 2135 1021 2207 γινέσθω
1034 2137 1086 2188 τῶν
1095 2133 1269 2203 ἀκροωμένων·
1291 2134 1314 2186 ei
1326 2133 1356 2187 δὲ
1365 2135 1418 2185 τᾶν

370 2227 546 2300 ἀκροωμένων,
568 2231 617 2300 ἔξω
638 2229 726 2298 στήτω
745 2231 791 2298 τῆς
814 2231 960 2299 ἐκκλησίας.
986 2231 1027 2284 καλ
1047 2232 1072 2284 oi
1094 2229 1249 2301 ἀκραέιμινοι
1270 2231 1322 2303 γάρ
1345 2231 1417 2286 ἐκτὸς

371 2325 479 2381 ἵσταντο
493 2329 538 2396 τῆς
550 2327 686 2396 ἐκκλησίας
699 2327 775 2398 μέχρι
786 2329 832 2395 τῆς
841 2326 1010 2399 ἀναγνώσεως
1020 2331 1067 2381 τοῦ
1076 2325 1150 2398 ἆγέου
1160 2327 1319 2400 εὐαγγελίων.
1348 2325 1417 2385 Duo

371 2423 631 2481 catechumenorum
644 2423 756 2481 ordines
775 2431 857 2481 erata
864 2443 878 2489 ;
904 2445 979 2481 unus
993 2442 1087 2481 sorum
1101 2422 1151 2501 qui
1168 2422 1415 2501 genuflectebant,

367 2517 525 2599 perfectior
551 2520 680 2587 scilicet:
719 2520 793 2579 alter
820 2519 1011 2600 imperfectior
1043 2538 1146 2587 eonem,
1175 2519 1224 2599 qui
1251 2521 1414 2580 audiebant.

375 2617 441 2675 Vutt
455 2638 522 2695 ergo
536 2616 638 2683 dicere,
654 2617 680 2675 si
694 2618 731 2677 sit
746 2640 780 2677 es
793 2618 1072 2697 ordineflectentium
1084 2638 1170 2694 genu,
1186 2626 1212 2676 et
1223 2627 1330 2697 peccet,
1342 2619 1418 2697 quod

367 2713 490 2792 peceare
508 2712 639 2773 desinens
661 2715 690 2772 in
708 2715 834 2773 ordinem
854 2716 1027 2774 audientium
1048 2713 1153 2793 referri
1171 2715 1290 2774 debeat:
1316 2715 1362 2773 sin
1380 2736 1416 2772 es

371 2810 553 2869 audientibus
566 2810 613 2877 sit,
628 2810 764 2870 consistat
779 2820 862 2869 estro
873 2813 1028 2871 ecelesiam.
1066 2812 1144 2870 Nam
1159 2821 1185 2870 ct
1205 2812 1353 2870 audientes
1367 2832 1415 2869 es-

371 2916 418 2965 tro
433 2906 579 2965 ecclesiam
591 2908 707 2965 stabunt
723 2926 812 2985 usque
830 2905 871 2964 ad
888 2907 1029 2966 lectionem
1049 2907 1144 2965 sancti
1157 2908 1305 2985 euangelii.
1337 2908 1415 2966 Har.

371 3022 485 3080 menop.
509 3001 591 3080 Epis.
612 3004 684 3059 Can.
706 3014 775 3061 sect.
791 3023 818 3059 v.
837 3003 882 3061 tit.
893 3021 923 3075 3.
969 3002 1041 3059 Hoec
1064 3001 1123 3059 duo
1146 3003 1254 3061 scholia
1272 3005 1360 3079 juxta
1384 3027 1416 3063 se

370 3098 464 3175 posita
484 3110 655 3175 prasentem
677 3118 826 3163 canonem,
850 3098 920 3155 satis
941 3099 970 3154 iu
995 3118 1026 3154 se
1042 3099 1205 3165 obscurum.
1228 3100 1414 3178 perspicuum

369 3191 495 3249 reddunt
509 3204 539 3251 et
554 3203 695 3268 apertum.
734 3193 813 3250 Vide
827 3194 913 3251 etiam
927 3214 992 3270 quae
1009 3195 1045 3252 de
1058 3196 1272 3256 catechumenis
1285 3198 1416 3258 diximus

366 3289 397 3344 in
412 3288 648 3346 annotationibus
667 3286 702 3347 nd
717 3288 862 3347 decimum
880 3303 1016 3366 quartum
1035 3292 1135 3369 prima
1153 3292 1264 3372 Synodi
1285 3296 1415 3355 Nicaenae

366 3403 514 3442 canonem.
542 3384 713 3444 Bavnnnu.
748 3385 940 3459 [Quaestionis
953 3385 1062 3447 solutio
1076 3389 1201 3448 difficilis
1216 3392 1354 3469 sidetan]

767 3568 918 3630 CANON
940 3570 1014 3630 v11.

408 3662 444 3720 P.
460 3664 526 3739 183.
542 3662 561 3721 l.
573 3679 600 3739 7.
613 3666 801 3741 Πρεσβύτερον
809 3670 845 3727 sis
854 3673 953 3743 γάμους
962 3673 1145 3746 διγαμοῦντος]
1163 3672 1290 3732 Cautum
1300 3687 1345 3733 est
1358 3676 1413 3733 hoc

366 3777 485 3829 canone,
509 3780 545 3819 ne
565 3763 630 3839 quis
649 3764 799 3842 presbyter
818 3766 849 3823 in
868 3768 941 3843 ejus,
963 3768 1012 3844 qui
1036 3767 1190 3845 digamiam
1211 3770 1277 3837 init,
1301 3772 1413 3849 nuptiis

365 3855 546 3915 convivetur.
578 3858 658 3916 Hinc
669 3879 735 3917 cum
751 3860 961 3922 Constantinus
975 3864 1092 3941 quidam
1107 3866 1260 3946 episcopus
1274 3868 1311 3926 ad
1322 3870 1412 3928 Nice-

364 3960 422 4008 tam
448 3951 708 4031 Metropolitanum
725 3956 878 4015 Heracleas
901 3959 976 4017 hanc
994 3961 1184 4035 quaestionem
1203 3965 1410 4043 proposuisset.

362 4046 474 4105 scissis
492 4047 611 4123 δεύτερον
628 4056 791 4108 σννοικέσιον
805 4055 960 4126 ἐρχομένους
973 4058 996 4111 si
1014 4057 1055 4111 δεῖ
1066 4061 1158 4121 λαβεῖν
1171 4062 1219 4130 τὴν
1237 4066 1284 4116 τοῦ
1301 4063 1412 4137 διγάμον

362 4144 441 4215 εὐχὴν
454 4146 524 4217 παρὸ
541 4150 588 4200 τοῦ
606 4150 669 4202 κατὰ
690 4150 778 4221 χώραν
793 4150 932 4223 ἀρχιέρςως
941 4172 950 4220 ;
966 4154 1018 4209 ¹Aa
1035 4154 1084 4231 qui
1102 4156 1143 4213 ud
1158 4158 1298 4216 secrmdas
1312 4180 1409 4218 convo·

362 4238 423 4297 lunt
438 4239 552 4318 nuptias
571 4242 699 4320 accipere
715 4243 825 4321 possint
847 4244 953 4324 bigami
975 4251 1162 4322 precationem
1176 4274 1195 4310 a
1214 4254 1338 4328 regionis
1356 4277 1409 4313 au·

362 4336 475 4395 tistite?
497 4337 659 4417 Respondit
673 4339 723 4399 ille
734 4340 810 4418 juris
824 4345 953 4402 canonici
969 4346 1170 4421 peritissimus,
1184 4352 1219 4408 Ἡ
1232 4355 1280 4423 μὲν
1292 4352 1409 4425 duptam
