3242 5150
344 397 411 472 eos
584 411 590 418 ·
649 357 1058 456 xnrurro'rn'rroru'ss

348 564 438 648 quasi
454 563 495 626 ab
517 562 691 646 interprete
711 562 875 626 inventum
894 569 988 636 essct,
1010 563 1059 626 καὶ
1085 565 1127 628 εἰς
1154 561 1245 644 εὐχὴν
1269 564 1399 646 metiri

347 666 505 746 Ιἐπιχώριοι
527 664 772 738 {chronon-ei
793 673 895 726 autem
915 662 1047 726 adeam
1068 664 1141 738 sint,
1162 673 1190 726 ot
1210 663 1245 726 ιἰι
1266 664 1401 728 mutim

348 765 583 849 vocatorseerit
597 765 702 849 quide
724 787 756 828 eo
778 764 838 827 ἰοοο
860 774 903 830 en
923 765 1126 849 corepiscopus
1141 763 1227 846 (sic),
1242 763 1399 828 comedat.

349 868 516 952 Videoque
535 868 591 932 Fr.
604 867 769 950 Brokosby
783 867 817 930 in
838 867 925 930 Hire.
945 867 1061 952 Repim.
1077 865 1191 930 Ecclee.
1207 866 1313 951 Prien.
1330 888 1398 951 cup.

349 969 415 1032 xiii.
436 991 468 1052 p.
483 989 555 1053 205.
578 969 714 1053 Anglica
738 969 847 1054 lingua
869 967 1060 1053 conscripta,
1083 968 1146 1033 fide
1167 966 1319 1032 versionis
1340 966 1398 1030 hu·

345 1073 436 1158 jusce
451 1073 560 1134 nixum
576 1070 763 1136 vocabulum
778 1071 1005 1152 χορεπίοκοπος
1019 1071 1156 1134 inserere
1170 1069 1314 1134 voluisse.
1337 1069 1400 1134 Sed

351 1175 456 1238 minus
477 1175 567 1248 hene,
584 1193 658 1238 nam
681 1170 823 1248 inferius,
838 1171 890 1234 ubi
905 1171 1014 1256 agitur
1036 1173 1076 1235 de
1098 1172 1339 1256 chorepiscopis,
1356 1171 1400 1236 ibi

349 1276 501 1348 innuitur,
532 1275 801 1361 chorepiscopum,
829 1276 926 1338 etiam
956 1283 1115 1358 praeseute
1142 1275 1300 1358 episcopo,
1327 1285 1399 1338 tau·

349 1399 444 1462 quam
460 1378 613 1464 collegam
629 1377 707 1462 ejus,
723 1377 918 1458 προσφέρειν,
934 1397 989 1440 eeu
1009 1378 1182 1456 ἱερουργεῖν.
1229 1377 1312 1439 Cum
1327 1397 1402 1438 vero

350 1479 382 1542 in
398 1479 502 1543 aliena
516 1479 649 1544 ecclesia
670 1499 802 1563 peregre
824 1477 942 1562 agebat
965 1477 1052 1539 urbis
1073 1476 1211 1561 cujusvis
1225 1476 1400 1561 episcopus,

351 1603 420 1644 mos
444 1582 515 1655 fuit,
539 1589 576 1646 ut
602 1603 694 1645 sacra
719 1580 824 1644 lacere
847 1579 875 1642 ei
901 1579 1128 1642 concederetur
1149 1579 1192 1642 ab
1217 1578 1320 1643 altero
1345 1601 1401 1642 aa·

350 1683 464 1748 tistite.
521 1682 675 1766 Idemque
705 1681 883 1746 iaciendum
919 1680 1014 1764 jubet
1048 1679 1237 1745 Arelatensis
1272 1681 1403 1745 concilii

350 1807 452 1848 canon
469 1785 576 1848 XIX.
600 1786 648 1848 De
663 1783 808 1869 epitrope
823 1781 1004 1867 pereprinie,
1020 1782 1074 1866 qm'
1088 1783 1123 1845 ιἰι
1136 1781 1236 1846 urbem
1250 1783 1342 1846 soleat
1355 1805 1403 1846 ee-

350 1886 428 1960 nire,
438 1886 561 1970 placuit
575 1887 616 1950 eis
631 1886 725 1950 locum
740 1884 815 1948 dari
828 1893 862 1948 ut
876 1885 1011 1966 offeram
1055 1884 1147 1964 Quod
1163 1884 1217 1947 diu
1232 1894 1307 1948 ante
1322 1884 1403 1947 Ani·

351 1995 441 2050 cetus
457 1987 491 2050 S.
503 1987 680 2072 Polycarpo
696 1987 806 2052 Romae
822 1989 1032 2053 commoranti
1054 1989 1221 2063 concessit,
1236 1998 1321 2053 teste
1337 1989 1402 2052 lre-

352 2110 422 2152 naeo
437 2089 522 2172 apud
539 2089 724 2154 Eusebium.
758 2091 869 2174 Atque
883 2091 935 2174 ogi
951 2091 984 2153 in
999 2091 1105 2175 priore
1119 2091 1258 2156 Oanonis
1274 2090 1402 2154 Neocae·

352 2191 501 2256 sariensis
516 2201 606 2276 parte
621 2193 660 2255 dc
676 2193 758 2256 ruris
773 2200 900 2257 tantum
915 2193 1119 2277 presbyteris,
1134 2193 1214 2259 sctis
1235 2193 1405 2257 ostendere

353 2291 478 2354 videtur
502 2293 661 2377 persisto
688 2293 847 2377 posterior
871 2295 911 2357 de
936 2294 1181 2379 chorepiscopis.
1227 2293 1405 2377 Distinguit
1509 2328 1516 2344 ι

354 2391 475 2468 itidem,
493 2400 529 2457 ut
544 2393 648 2460 obiter
661 2395 721 2458 hoc
737 2402 856 2470 notem,
872 2396 957 2459 inter
971 2396 1229 2480 chorepiscopum
1245 2403 1280 2458 et
1293 2416 1401 2478 quem·

353 2493 399 2556 vis
416 2494 635 2579 presbyterum
651 2503 684 2560 et
692 2497 866 2560 diaconum
885 2497 1016 2561 &cecilii
1032 2497 1278 2563 oteeedemmir
1291 2495 1404 2560 Canon

354 2596 400 2659 Il.
439 2598 555 2661 Verum
579 2600 738 2663 enimvero
761 2602 841 2665 bene
863 2600 913 2663 hic
935 2603 1059 2665 monuit
1078 2601 1236 2686 interpres
1251 2600 1406 2685 Anglicus

354 2700 377 2763 J
379 2720 498 2764 oannes
513 2703 536 2764 J
538 2700 708 2778 ohnsonus,
725 2702 798 2765 olim
815 2712 1001 2767 consuetum
1016 2726 1084 2767 esse
1104 2725 1264 2767 reservare
1279 2713 1404 2789 partem

354 2800 579 2866 elementorum
593 2814 871 2877 consecratorum,
893 2806 1002 2888 itaque
1014 2827 1048 2867 re
1059 2804 1139 2867 bene
1150 2826 1316 2889 perpensa,
1332 2826 1405 2869 cum

355 2923 464 2965 omnes
476 2902 540 2965 lere
552 2904 675 2967 codices
687 2906 821 2988 pluralia
836 2906 921 2969 hond
935 2912 1122 2990 agnoscant,
1135 2906 1186 2968 vix
1196 2906 1320 2982 dubito,
1328 2906 1404 2990 quin

355 3012 431 3067 ante
457 3004 545 3077 illud,
571 3008 618 3068 καὶ
647 3011 690 3073 εἰς
718 3008 809 3089 εὐχὴν
836 3012 940 3087 κληθῇ,
967 3030 1027 3071 vox
1054 3011 1211 3091 ἐπιχώριος
1231 3007 1405 3073 subintelli-

354 3107 459 3191 genda
481 3107 533 3179 sit,
549 3118 582 3171 et
601 3116 726 3172 mutato
740 3112 831 3188 μόνος
852 3110 885 3171 in
905 3112 1001 3187 μόνον
1019 3110 1219 3174 scribendum
1240 3110 1293 3182 sit,
1310 3108 1406 3188 μόνον

355 3211 496 3279 biterrim
518 3216 576 3273 aut
590 3210 714 3287 saltem,
727 3211 753 3273 si
769 3211 915 3275 malimus
929 3234 1054 3275 servare
1068 3216 1169 3291 μόνοι,
1184 3219 1311 3276 tantum
1327 3213 1406 3277 dare

356 3331 419 3375 non
435 3310 547 3373 offerre
560 3311 784 3377 eucharistiam
799 3313 848 3375 his
864 3314 967 3377 verbis
982 3314 1169 3399 presbytero
1184 3314 1405 3398 permittatur:

402 3414 439 3475 P.
458 3413 527 3495 185.
544 3413 565 3475 l.
581 3434 627 3479 ιο.
639 3417 681 3481 ele
695 3418 787 3479 τύπον
804 3421 862 3480 τῶν
878 3415 1097 3499 ἑβδομήκοντα]
1121 3416 1260 3500 Propter
1278 3438 1405 3502 compe-

356 3514 513 3579 retionem
528 3515 669 3581 hocloco
681 3519 798 3582 laetam
810 3517 1104 3603 chorepiscoporum
1117 3539 1189 3582 cum
1201 3519 1408 3604 septuaginta

357 3616 527 3701 discipulis,
550 3620 687 3701 probare
706 3634 864 3684 conantur
887 3620 1042 3695 Zonaras,
1068 3620 1228 3696 Balsama,
1253 3621 1407 3687 Matthe-

358 3740 457 3805 usque
472 3718 644 3797 Blastares,
659 3721 777 3788 nullam
793 3722 854 3786 illis
868 3722 965 3787 luisse
979 3729 1173 3807 potestatem
1186 3723 1234 3787 vel
1249 3723 1407 3808 signandi,

356 3822 432 3894 sive,
449 3829 485 3885 ut
501 3844 583 3886 nuuc
597 3823 763 3907 loquimur,
779 3824 986 3888 confirmandi
1007 3824 1199 3909 baptizatos,
1213 3826 1261 3890 vel
1280 3824 1409 3893 ordines

358 3944 465 3986 saeros
485 3923 676 4001 conferendi,
691 3948 730 3989 ex
750 3948 788 3989 eo
810 3926 895 4010 quod
917 3926 950 3990 in
973 3926 1064 3990 Actis
1078 3926 1287 4011 Apostolorum
1301 3927 1408 4012 capite

359 4033 472 4089 octavo
496 4027 611 4091 Petrus
633 4036 667 4091 et
689 4028 832 4093 Joannes
853 4052 893 4093 ex
913 4029 1078 4093 duodecim
1101 4029 1266 4114 apostolis,
1292 4031 1407 4114 quibus

358 4126 416 4191 soli
439 4135 552 4211 postea
573 4128 695 4193 suffecti
718 4138 794 4195 sunt
816 4129 967 4216 episcopi,
993 4130 1221 4215 Hierosolyma
1233 4131 1325 4195 missi
1355 4132 1404 4197 iu·

360 4228 445 4303 erint
464 4230 506 4297 ab
525 4229 679 4315 apostolis
703 4230 890 4310 Samariam,
915 4240 951 4297 ut
978 4255 1091 4297 menas
1113 4232 1311 4318 imponerent
1334 4232 1407 4308 illis,

361 4332 413 4415 qui
433 4354 454 4397 a
478 4332 624 4417 Philippo
647 4333 800 4418 baptizoti
817 4342 932 4399 emeat.
977 4334 1065 4401 Ante
1080 4356 1154 4399 vero
1174 4336 1233 4399 hos
1251 4356 1407 4399 commen·
