3242 5150
376 379 441 444 430
709 375 1091 440 ANNOTATIONES

375 546 452 610 Ἀπὸ
467 549 518 625 τῆς
532 545 688 626 ἅνθρόποο
703 545 833 625 φύσεως.
859 543 918 607 ἀπὸ
933 550 986 607 τοῦ
1000 543 1100 607 αὐτοῦ.
1131 543 1221 606 Idem
1234 563 1271 605 ec
1283 541 1441 604 Emissis

376 657 490 710 ιιαιιινσ
504 644 702 709 wuchrditur.
746 645 801 706 Ee
813 643 921 708 σοσαιι.

421 748 460 809 Ρ.
470 763 545 825 407.
560 744 581 808 l.
598 764 624 806 1.
649 745 697 806 irai
719 742 801 807 εἶπεν
824 740 878 825 ἃν]
897 741 1003 805 Licuit
1021 762 1082 825 ope
1101 741 1198 805 MSti
1217 740 1358 804 8.]οσιι.
1375 737 1440 802 nd-

376 846 452 909 ders
473 843 661 927 perticulam
686 842 737 920 δν,
760 841 793 904 in
822 861 886 927 qno
911 849 1020 905 temen
1044 841 1152 904 codiee
1176 840 1332 924 scriptum
1356 846 1441 902 erat

376 946 451 1025 ὅπερ
467 949 484 1008 d
502 943 725 1023 συνῃσθημένος
742 963 802 1028 pro
822 945 924 1024 ὥσπερ
938 969 970 1006 σ.
1009 943 1200 1027 Agnoscunt
1211 941 1249 1005 dn
1265 941 1327 1004 duo
1340 940 1437 1004 codd

379 1044 605 1128 Gaisfcrds'am',
633 1051 667 1109 et
693 1046 766 1125 ὅπερ
791 1045 808 1106 d
831 1048 956 1122 συνησθ.
988 1042 1049 1106 alii
1078 1043 1148 1106 diso.
1195 1041 1309 1106 Edidit
1330 1039 1438 1104 Gais-

376 1147 486 1209 sordus
501 1145 575 1226 δπερ
592 1149 718 1225 σννησθ.
731 1165 771 1208 ex
785 1146 916 1228 quisque
930 1139 1027 1206 libus.

421 1247 503 1311 Ibid.
518 1247 540 1311 l.
551 1267 583 1326 4.
604 1249 652 1310 καὶ
671 1246 983 1327 προσεπεξειργάσατο
1003 1243 1042 1309 ἃν
1056 1247 1095 1311 ὣς
1115 1245 1242 1328 ἐκεῖνος]
1267 1245 1363 1329 Vulyc
1380 1249 1436 1310 καὶ

376 1348 677 1430 προσεπεξεργόσατο
704 1347 742 1410 ἂν
772 1348 895 1412 ἐκεῖνος.
940 1347 1010 1430 Ope
1038 1347 1142 1424 Moti,
1172 1346 1205 1409 in
1228 1368 1292 1431 quo
1317 1355 1435 1411 tumim

376 1451 659 1531 προσεξειργάσατο,
683 1447 787 1513 locum
808 1447 983 1512 emendavi.
1029 1449 1142 1511 Hubos
1163 1447 1246 1511 infru
1268 1450 1435 1529 ἐπεξεργα-

377 1554 501 1630 σόμενοι
515 1573 547 1636 p.
558 1554 633 1635 361.
648 1550 669 1613 l.
681 1569 712 1632 9.
759 1548 912 1612 Proxime
932 1556 1010 1613 ente
1031 1548 1064 1612 in
1086 1549 1185 1612 oedem
1199 1548 1298 1611 οσιίἱσι
1309 1550 1434 1613 desunt

376 1651 430 1715 ills¹
445 1651 585 1716 ἔπλσσάν
598 1677 636 1732 με
652 1652 699 1716 καὶ
713 1647 833 1714 Psabm.
842 1650 944 1714 cxviii.
956 1650 1005 1714 vel
1013 1651 1097 1714 cxix.
1106 1649 1161 1713 ubi
1172 1650 1290 1712 Lxx.
1304 1651 1433 1714 habent

377 1756 409 1817 oi
422 1751 522 1835 χεῖρές
536 1778 592 1815 σου
606 1751 752 1831 ἐποίησάν
765 1777 803 1832 με
818 1752 867 1814 καὶ
886 1750 1025 1814 {nicode
1042 1776 1089 1831 με.
1134 1749 1181 1814 Et
1195 1751 1290 1836 paulo
1304 1760 1381 1835 post
1395 1753 1432 1816 in

376 1853 461 1934 ῥήσει
477 1852 498 1915 J
500 1853 615 1916 obiens
634 1853 738 1933 ἔνυρας
751 1852 820 1916 h.e.
837 1852 958 1931 ἔναιρσς
978 1873 1037 1935 pro
1059 1851 1174 1931 ἔνειρας
1194 1851 1227 1913 in
1246 1851 1342 1915 Muto
1360 1853 1433 1916 Eo·

376 1952 450 2016 etii
464 1959 632 2016 exoratum
647 1959 707 2017 cst.
722 1954 761 2018 ὣς
778 1954 892 2018 ἐκεῖνος
905 1961 1036 2036 quotuor
1050 1951 1135 2015 codd.
1152 1951 1324 2034 Goufords'.

422 2053 504 2115 [bid.
521 2053 540 2116 l.
557 2073 604 2116 12.
625 2054 902 2141 κατακλεισθεῖσαι]
913 2055 989 2118 MS.
998 2055 1180 2117 lodunensis
1190 2058 1431 2132 καταβληθεῖσαι

377 2161 412 2218 et
426 2163 556 2238 quatuor
573 2155 799 2239 Getesordioci.

421 2254 458 2316 P.
469 2257 543 2334 408.
558 2254 578 2318 l.
595 2275 642 2319 11.
657 2256 744 2339 πᾶσι]
761 2258 835 2320 Ηοο
850 2261 1012 2340 sumptum
1026 2277 1067 2320 ex
1081 2257 1176 2321 Muto
1189 2255 1339 2320 substitui
1360 2256 1429 2320 esl-

374 2365 446 2440 ρσίο
460 2355 566 2436 πάσης.
597 2356 689 2420 Νιιοο
702 2363 858 2441 praestsnt
871 2362 946 2420 πᾶσι
956 2357 1042 2422 codd.
1053 2359 1183 2442 quicque
1196 2355 1426 2441 θσιὶιῙοπιΙιάιιί.

423 2455 506 2520 Ibid.
521 2457 541 2519 l.
556 2473 605 2541 15.
627 2458 817 2541 προσιοῦσαι]
841 2457 975 2542 Recepit
993 2465 1158 2539 προϊοῦσαν
1179 2457 1285 2543 vigori
1302 2461 1427 2542 conjec-

377 2565 484 2623 turem
499 2557 531 2621 in
546 2558 718 2623 editionem
732 2580 823 2624 suurn
834 2557 1059 2623 Heinichenus.

422 2661 508 2724 Ibid.
526 2660 610 2724 1.18.
632 2661 725 2739 ἐδωδὴ
746 2660 770 2725 δ’
795 2660 911 2745 ὥσπερ]
943 2659 995 2724 Sic
1016 2662 1140 2725 MStus.
1169 2662 1265 2725 Adde
1282 2682 1377 2725 ιιιιιιπι
1391 2683 1429 2725 απ

380 2762 621 2846 Goissordieuie.
652 2761 997 2848 Vulyoenimebesttt.
1030 2761 1076 2825 Et
1086 2763 1264 2844 αιοιιῆδφῆ
1277 2763 1428 2827 excedam

378 2866 452 2927 MS.
468 2886 526 2948 pro
541 2866 603 2947 ἁφὴ
616 2865 716 2951 posui.
751 2866 846 2929 Nunc
860 2862 1130 2927 consentientibus
1144 2874 1274 2948 quotuor
1286 2865 1428 2949 Gai-esor-

377 2963 492 3027 discis.

423 3064 460 3126 P.
470 3082 546 3147 409.
562 3065 584 3128 l.
597 3071 627 3130 6.
639 3067 713 3147 πρὸς
726 3065 779 3130 τὸν
790 3071 934 3129 δοκοῦντα
944 3062 1140 3150 λογιόπερον]
1157 3064 1240 3129 Haec
1249 3065 1296 3129 ait·
1304 3065 1427 3151 Diony·

378 3164 443 3227 sius
466 3165 695 3249 disputaturus,
711 3172 748 3229 nt
767 3166 902 3243 videtur,
918 3171 1030 3229 eontra
1048 3165 1270 3250 philosophum
1288 3165 1427 3249 eliquern

378 3264 576 3329 disertiorem
591 3272 625 3329 et
639 3266 673 3328 in
687 3265 821 3329 dicendo
836 3267 1102 3355 exercitstiorem‚
1119 3287 1214 3350 quern
1228 3266 1338 3331 extitit
1350 3266 1426 3352 Epi-

378 3388 482 3441 curus,
498 3368 553 3452 qui
570 3366 697 3453 quidem
711 3367 883 3433 indisertus
897 3370 991 3453 vulgo
1005 3369 1134 3433 habitus
1149 3377 1206 3432 cst.

423 3468 544 3548 P.410.
560 3471 580 3533 l.
595 3490 625 3537 ο.
642 3471 793 3554 διαμονῆς]
810 3470 918 3557 Vulgo
933 3474 1082 3550 διανομῆς.
1126 3469 1229 3533 Scribi
1243 3492 1318 3534 vero
1331 3470 1427 3535 nliter

378 3574 517 3649 διαμονῆς
540 3579 634 3637 notet
655 3572 688 3634 in
709 3571 852 3655 margine
873 3572 1018 3656 Vigerus,
1033 3584 1067 3635 et
1086 3571 1119 3634 in
1138 3571 1254 3655 interp.
1277 3578 1424 3656 praestat.

380 3672 482 3734 Porro
496 3672 578 3737 hene
592 3694 700 3738 vocem
715 3694 812 3758 supra
823 3674 1012 3737 adhibuerat
1023 3672 1195 3757 Dionysius
1208 3694 1239 3757 p.
1251 3692 1326 3756 399.
1341 3672 1362 3735 l.
1377 3692 1426 3755 ¹3·

378 3774 489 3838 αἰτίους
504 3775 641 3853 γίνεσθαι
655 3778 706 3852 τῆς
720 3777 787 3855 περὶ
800 3776 855 3853 τὴν
870 3774 1012 3853 διαμονὴν
1027 3779 1200 3856 διαφθορᾶς,
1214 3774 1262 3837 vel
1272 3779 1426 3855 διαφορᾶς,

377 3872 556 3956 corrigente
571 3874 697 3957 Vigero.
743 3876 868 3960 ltaque,
885 3896 957 3938 cum
976 3875 1088 3939 eudem
1107 3883 1198 3940 extet
1219 3875 1253 3939 iu
1271 3876 1377 3951 Muto,
1392 3875 1427 3938 in

378 3978 563 4037 contextum
578 3996 648 4038 cem
663 3976 774 4061 recepi.
800 3976 892 4040 Nunc
907 3976 1167 4041 confirmantibus
1177 3974 1291 4039 ἆιιοόιιι
1303 3977 1429 4061 emptis

379 4074 620 4158 Gausorde'auie.

423 4176 506 4240 Ibid.
522 4175 542 4239 l.
556 4198 587 4261 3.
602 4178 657 4257 τὴν
671 4182 792 4263 χρῆσιν]
812 4179 885 4245 Ηοο
899 4180 1003 4265 recepi
1020 4180 1051 4243 in
1067 4186 1192 4245 textum
1207 4200 1246 4243 ex
1255 4179 1354 4242 Muto
1367 4199 1427 4261 pro

377 4278 433 4354 τὴν
455 4279 561 4357 κρίσιν,
585 4280 641 4343 sed
663 4287 697 4344 et
720 4282 761 4344 cd
786 4302 875 4344 oram
898 4282 971 4345 odit.
996 4303 1061 4345 suae
1090 4281 1223 4365 Vigerus
1246 4286 1425 4352 notaverat.
