3242 5150
367 397 434 466 326
554 399 713 464 GESTA
737 398 872 462 APUD
895 395 1231 462 ZENOPHILUM.

364 559 386 604 '⁴‘
401 566 505 631 Manu
519 587 578 630 sua
592 564 676 633 enim
691 563 768 629 mihi
784 563 919 629 tradidit
937 563 1077 628 libellum
1096 563 1143 629 rei
1156 570 1268 650 gestoe,
1283 583 1342 648 pro
1357 585 1421 649 qua

365 687 388 717 “
403 699 501 742 eausa
515 683 573 742 tuo
592 682 754 762 praecepto
772 675 870 740 suerit
889 674 1060 757 lapidatus
1107 674 1181 740 Non
1195 680 1246 739 est
1259 696 1368 740 verum
1382 680 1420 740 ut

365 798 386 828 ‘⁸
402 797 497 873 peter
510 788 649 873 castiget
663 785 763 850 lilium
782 792 897 850 eontra
912 784 1099 858 ver-itatem
1125 790 1159 850 et
1175 784 1241 850 scio
1256 784 1331 870 quia
1345 807 1420 850 vera

366 907 386 936 “
400 904 476 963 sunt
490 919 561 982 quae
575 897 610 961 in
623 895 729 961 libello
742 895 821 960 mihi
836 895 958 961 tradito
977 901 1053 960 sunt
1067 895 1259 980 conscripta.
1304 897 1419 973 Quaere

364 1007 578 1076 “remedium
599 1005 758 1091 quomodo
778 1004 898 1090 poterit
920 1005 965 1069 ibi
986 1004 1169 1091 malignitas
1190 1004 1255 1070 ista
1276 1003 1419 1089 extingui

366 1126 578 1202 “antequem
601 1117 730 1181 flamme
751 1123 915 1200 exsurgat,
936 1137 1007 1201 quae
1029 1121 1103 1200 post
1126 1115 1253 1179 demum
1276 1112 1419 1200 extingui

367 1236 388 1268 “
404 1251 468 1294 non
482 1228 603 1315 poterit
617 1227 685 1292 sine
699 1226 853 1310 sangiune
867 1224 1012 1311 spiritali.
1050 1224 1215 1290 Adhibete
1229 1224 1418 1290 conclericos

366 1345 388 1378 ‘⁶
403 1346 438 1404 et
456 1339 597 1404 seniores
619 1337 721 1423 plebis
737 1335 968 1402 ecclesiasticos
982 1334 1085 1412 viros3
1107 1342 1142 1402 et
1163 1333 1327 1420 inquirant
1346 1335 1417 1400 dili-

365 1454 386 1485 “
401 1453 516 1532 genter
529 1467 601 1532 quae
622 1452 698 1510 sunt
719 1443 790 1509 istae
813 1442 1035 1520 dissensiones,
1050 1448 1088 1507 ut
1109 1464 1149 1508 ea
1170 1464 1242 1528 qnae
1266 1443 1348 1508 liunt
1370 1465 1417 1508 sc-

366 1565 387 1596 “
403 1557 542 1622 eundum
555 1557 630 1622 fidei
645 1562 808 1643 praecepta
822 1556 912 1620 liant.
943 1554 1016 1619 Non
1028 1554 1201 1620 declinabis
1215 1554 1258 1621 ad
1269 1555 1417 1621 dextram

367 1675 386 1703 “
401 1667 450 1732 vel
475 1668 518 1734 ed
543 1667 717 1732 sinistram.
764 1665 922 1730 Libenter
946 1671 1056 1730 autem
1081 1686 1192 1730 aurem
1216 1666 1417 1731 commodare

366 1785 387 1814 ‘⁶
401 1776 466 1841 noli
479 1777 571 1842 malis
586 1775 844 1853 instructoribus,
860 1775 913 1861 qui
929 1775 1042 1840 nolunt
1061 1796 1183 1860 pacem.
1227 1775 1346 1840 Omnes
1359 1795 1417 1840 nos

367 1896 389 1927 ‘⁶
403 1885 578 1952 occiditis.'’
604 1895 632 1950 ct
653 1885 722 1950 olio
746 1905 850 1948 manu.
882 1884 1027 1949 “Vale’'
1071 1883 1155 1950 Item
1180 1892 1214 1950 et
1239 1884 1417 1970 exemplum

365 1997 520 2084 epistolae.
564 2004 585 2033 “
595 1997 772 2082 Purpurius
786 1996 953 2082 episcopus
967 1996 1089 2062 olorinis
1104 2003 1139 2066 et
1156 1996 1332 2062 senioribus
1346 1996 1414 2064 (lir-

367 2117 388 2148 “
404 2107 543 2174 tensium
556 2107 590 2172 in
605 2107 745 2174 Domino
758 2114 915 2176 eternam
935 2107 1080 2174 salutem.
1125 2107 1271 2174 f(llamat
1286 2107 1417 2194 Moyses

366 2224 388 2255 “
403 2217 446 2280 ad
472 2237 599 2281 emnem
618 2223 766 2281 senatum
788 2216 925 2282 filiomm
949 2216 1062 2295 lsrael,
1084 2216 1229 2302 dixitque
1250 2217 1320 2296 illis,
1345 2240 1416 2305 quoe

367 2335 387 2365 “
404 2326 561 2392 Dominus
579 2327 694 2413 jubeat
714 2328 783 2392 fieri
794 2356 802 2402 ;
823 2328 891 2392 aine
914 2327 1044 2394 oonsilio
1064 2327 1223 2394 seniorum
1240 2327 1320 2392 nihil
1340 2351 1415 2414 ago-

366 2442 388 2474 “
403 2436 510 2503 batur.
553 2436 671 2522 Itaque
688 2444 722 2502 et
742 2459 812 2518 vos,
828 2437 991 2516 carissimi,
1007 2459 1087 2523 quos
1104 2437 1170 2503 seio
1184 2459 1310 2504 omnem
1330 2439 1415 2524 sapi·
1488 2451 1489 2454 ’

366 2554 389 2586 “
403 2548 523 2613 entiam
543 2548 705 2615 coelestem
727 2557 762 2615 et
782 2549 959 2637 spiritalem
978 2549 1107 2625 habere,
1123 2549 1209 2615 omni
1228 2557 1336 2617 vestra
1355 2550 1416 2617 vir·

366 2666 387 2698 “
403 2667 474 2725 tute
493 2661 674 2747 cognoscite
693 2683 765 2747 qum
788 2661 833 2727 sit
853 2661 1005 2727 dissensio
1028 2662 1108 2740 haec,
1132 2669 1167 2726 et
1188 2662 1352 2747 perducite
1372 2661 1415 2728 ed

367 2778 388 2809 ‘⁴
404 2792 528 2855 paoem.
559 2770 649 2836 Dicit
663 2770 748 2836 enim
762 2771 980 2837 Nundinarius
994 2772 1155 2851 diaeonus,
1167 2772 1251 2857 quod
1267 2772 1345 2837 nihil
1360 2794 1416 2837 ros

366 2889 388 2920 “
403 2880 516 2959 lateat,
531 2881 615 2945 unde
628 2880 698 2947 lnce
715 2880 869 2947 dissensio
884 2890 934 2947 est
954 2881 1038 2946 inter
1054 2881 1252 2949 carissimum
1270 2889 1415 2948 nostrum

368 2996 388 3028 “
404 2989 566 3053 Silvanum
581 2994 615 3056 et
628 2987 741 3073 ipsum.
787 2989 935 3055 Tradidit
949 2989 1034 3055 enim
1053 2989 1131 3055 mihi
1151 2989 1289 3057 libellum
1303 2990 1337 3054 in
1352 3012 1415 3076 quo

368 3108 387 3139 “
402 3099 509 3164 omnia
528 3104 604 3162 sunt
625 3098 815 3184 conscripta
860 3100 954 3166 Dixit
978 3101 1063 3166 enim
1085 3108 1120 3166 et
1138 3123 1195 3167 ros
1215 3123 1280 3166 non
1302 3101 1414 3168 latere.

366 3220 389 3252 ‘⁶
403 3210 476 3295 Ego
496 3208 586 3274 ascio
608 3209 684 3293 quie
704 3209 791 3276 auris
816 3217 963 3276 nonest.
1007 3211 1133 3276 Bonum
1159 3212 1292 3297 quaerite
1314 3234 1415 3278 reme·

366 3329 389 3361 ‘¹
406 3320 493 3384 dium
508 3320 667 3404 quomodo
681 3321 890 3407 extinguatur
908 3322 976 3387 haee
995 3344 1047 3388 res
1065 3323 1133 3388 sine
1147 3322 1285 3408 periculo
1299 3324 1414 3389 nnimae

365 3440 388 3472 ‘⁶
402 3442 536 3509 vestrae3
570 3449 610 3494 ne
635 3429 742 3496 subito
767 3453 839 3495 curn
865 3453 1034 3520 personam
1056 3431 1213 3517 accipitis,
1239 3431 1415 3517 injudicio

367 3548 388 3583 ‘⁶
402 3537 546 3605 veniatis.
590 3538 721 3607 lustum
739 3540 893 3626 judicium
908 3542 992 3607 inter
1013 3549 1122 3626 partes
1140 3540 1283 3626 judicate
1304 3562 1412 3605 smnu-

365 3657 388 3688 “
403 3651 480 3716 dum
492 3649 686 3736 gravitatem
700 3656 841 3719 vestram
859 3658 894 3719 et
908 3650 1077 3736 justitiam.
1123 3652 1247 3719 Cavete
1265 3650 1354 3717 vobis
1372 3671 1414 3715 ne

367 3768 388 3799 ‘⁶
402 3762 566 3827 declinetis
579 3761 612 3827 in
623 3762 791 3829 dexteram
801 3782 904 3848 neque
918 3760 951 3827 in
962 3760 1133 3831 metam.
1159 3760 1221 3827 Dei
1235 3782 1286 3825 res
1295 3760 1413 3847 egitur,

367 3880 388 3910 “
402 3872 457 3957 qui
478 3877 640 3937 scrutatur
653 3870 863 3957 cogitationes
880 3869 1084 3956 singulorum.
1128 3868 1304 3936 Elaborate
1319 3890 1414 3933 nemo

365 3989 387 4020 “
402 3981 484 4046 scint
502 4002 573 4066 quae
591 3982 635 4046 sit
656 3981 835 4067 conjuratio
854 3980 933 4047 haec.
971 3978 1114 4046 ¹¹Vestra
1133 3984 1209 4044 sunt
1223 4000 1295 4064 qnae
1308 3978 1414 4043 libello

398 4207 497 4259 OExod.
508 4208 559 4257 xix.
572 4220 593 4272 7.
676 4221 692 4260 s
706 4210 770 4271 (sor.
781 4210 847 4272 sileo,
857 4212 893 4259 cd.
906 4211 1002 4273 nepes
1015 4211 1089 4257 Am
1099 4208 1214 4256 mellend.
1234 4206 1287 4269 Ego
1297 4206 1414 4269 coloquio

364 4304 436 4338 verus
447 4298 492 4339 est.
526 4289 584 4338 Non
600 4301 637 4340 cst
651 4292 749 4340 bonum.
772 4290 882 4351 Quaerite
896 4293 963 4340 &cl
998 4290 1089 4349 Cmqscr
1105 4289 1176 4337 certo
1187 4288 1257 4337 initio
1269 4286 1375 4348 moino,
1390 4289 1416 4337 tt

365 4384 417 4430 rw
423 4369 564 4436 neuere!
574 4371 729 4435 neuwen.)
860 4372 933 4432 usar.
946 4372 1019 4431 ven,
1031 4370 1120 4419 nae.
