3242 5150
336 395 388 458 IN
415 395 448 460 S.
464 395 611 460 PETRI
637 394 776 458 ALEX.
803 395 1126 459 FRAGMENTA.
1211 395 1256 464 67

246 566 283 628 P.
287 566 339 651 38.
350 564 371 628 l.
378 582 409 648 5.
419 565 526 651 ἡπτᾷν]
537 564 675 628 Verbum
685 587 851 650 perperam
861 566 966 631 reddit
978 567 1140 632 Hervetna
1148 589 1254 652 supra.

208 665 364 741 ἔσπευδον,
379 666 484 751 inquit
505 667 645 752 optimus
666 667 825 752 interpres
838 668 994 746 zonam,
1011 674 1256 750 καταπολεμῆσαι

207 767 260 832 τὸν
274 769 379 836 αὐτοὺς
388 771 576 850 tenattem
586 769 727 850 πονηρὸν,
741 771 792 832 ἵνα
805 767 845 849 μὴ
861 775 1015 853 καυχᾶσαι,
1025 771 1064 837 ὥς
1078 772 1172 849 enee
1187 772 1256 840 rubr

208 870 356 948 εὐσεβεῖς.
394 870 561 934 Ρνιίαέίιυυ
576 873 671 953 νικᾷν,
687 871 773 954 quod
788 871 1106 956 interpretamentum
1120 879 1181 949 eat,
1198 895 1257 958 pro

206 973 297 1055 ἡττᾷν
311 980 454 1057 praestut.

251 1073 335 1136 Ibid.
352 1074 372 1136 l.
383 1080 413 1138 6.
429 1079 488 1137 τῶν
502 1073 670 1155 ξυστήρων]
686 1071 1008 1155 Ξυστὴρ,1ἰαευι·ἰιινιι.
1031 1077 1104 1140 vet.
1121 1076 1225 1142 Glose.

250 1172 332 1237 Ibid.
347 1174 369 1236 l.
384 1175 413 1237 8.
430 1173 638 1259 καταφλέξας]
658 1175 818 1240 Sieomnea
828 1176 993 1240 Bodleiam'
1007 1199 1066 1262 pro
1075 1176 1155 1242 odiro
1168 1203 1255 1242 καπα-

206 1277 341 1359 φλόξεις.
378 1279 471 1356 Mox,
495 1279 549 1344 ubi
572 1279 678 1364 plures
702 1269 833 1344 numero
857 1280 981 1344 eodieee
1002 1282 1110 1361 δίψους
1135 1280 1257 1344 habent

206 1401 266 1464 pro
280 1380 360 1444 edito
375 1382 475 1462 δίψης,
489 1387 597 1444 utrum
612 1381 741 1458 neribus,
757 1381 800 1444 nil
821 1380 929 1445 refert.
974 1382 1117 1445 Praestat
1134 1380 1257 1464 φλέξειι

206 1491 335 1566 utraque
349 1482 534 1546 Graeeorum
549 1484 702 1568 Synopeie.

252 1581 332 1646 Ibid.
348 1583 369 1646 l.
383 1603 431 1646 ιι.
443 1581 687 1669 ὕπεξουσιοΰσιυ]
704 1583 910 1668 (lonjeeeram
926 1585 1141 1670 reponendum
1155 1582 1256 1663 ε’παξι·

206 1689 302 1748 οῢσιν.
340 1683 433 1748 Νιιιιυ
448 1691 539 1748 extat
554 1685 586 1748 in
601 1685 744 1762 Pedalie,
757 1687 813 1749 aed
829 1687 991 1763 mendose,
1001 1689 1185 1764 ὖπαξιοῦσιν.

251 1785 287 1848 Ρ.
303 1805 355 1871 39.
371 1785 391 1850 l.
402 1809 435 1864 4.
452 1788 500 1850 καὶ
516 1786 683 1850 ἀναστάσει
698 1789 824 1869 νεκρῶν]
842 1786 1058 1852 conferendus
1078 1785 1129 1848 hia
1145 1785 1256 1848 unicus

206 1885 304 1961 loeus,
321 1886 458 1950 simodo
473 1888 514 1952 nd
530 1894 676 1971 tempora
690 1910 749 1952 sua
765 1888 882 1954 Petrus
899 1895 1070 1974 spectaret,
1086 1908 1159 1950 eum
1173 1886 1252 1950 eele-

206 1987 316 2052 bribue
330 1989 391 2053 illie
407 1989 522 2054 Irenaei
541 1989 637 2054 libii.
653 1991 724 2054 adv.
741 1993 858 2056 Ηινιυι.
875 2012 951 2076 e.31
972 2000 1006 2055 et
1020 2009 1073 2075 32.
1089 1989 1137 2054 vel
1152 1992 1205 2074 56.
1221 1997 1255 2054 et

205 2107 258 2173 57.
284 2097 381 2174 atque
407 2090 572 2175 Theophili
597 2091 749 2156 Antioeh.
773 2094 819 2157 ad
840 2094 1035 2178 Autolycum,
1058 2092 1255 2175 lib.i.e.19.

205 2191 320 2256 Addae
337 2192 459 2257 utiliter
473 2192 512 2256 de
527 2192 587 2256 hae
605 2214 641 2257 re
662 2195 849 2279 gravissima
864 2197 1034 2282 Origenem
1047 2195 1080 2258 in
1097 2197 1256 2259 Commeat.

206 2293 241 2355 ι’νι
254 2293 400 2358 Pmnerl.
415 2315 487 2378 pag.
499 2311 531 2378 5.
547 2294 596 2358 ed.
614 2295 811 2359 Benedictio.

251 2393 333 2459 Ibid.
354 2395 375 2458 l.
385 2412 416 2479 5.
437 2394 613 2474 inerepare
633 2397 776 2482 Χριστοῦ]
800 2397 880 2462 Cum
900 2397 1125 2482 utplurimum
1145 2397 1255 2460 abesse

205 2496 358 2560 articulus
379 2502 432 2560 τοῦ
453 2497 495 2560 ab
515 2497 575 2561 hae
598 2497 734 2562 formula
755 2497 927 2574 videretur,
948 2519 1020 2562 cum
1033 2519 1083 2560 νου
1104 2495 1255 2560 codicibus

205 2599 328 2683 templis
340 2598 444 2684 ipsum
460 2599 560 2663 omini.

249 2698 333 2763 Ibid.
349 2700 369 2764 l.
383 2722 413 2784 9.
428 2701 706 2785 μεμαρτυρημένων]
728 2702 784 2765 Vel
803 2702 898 2765 iatam
919 2701 1122 2785 scripturam,
1136 2699 1185 2763 vel
1204 2724 1256 2778 με-

205 2801 460 2884 μαρτυρουμένων,
483 2802 634 2866 exhibent
657 2802 781 2887 plurimi
804 2802 889 2867 eodd.
909 2801 1077 2865 Bodbaiuni
1099 2822 1157 2886 pro
1177 2799 1257 2863 edito

205 2904 460 2986 μαριυρουμένων,
476 2920 609 2989 excepto
629 2912 738 2969 tamen
752 2906 847 2969 Meto
861 2904 915 2969 illo
932 2924 1004 2988 205.
1050 2903 1163 2967 Habet
1182 2924 1256 2966 vero

206 3006 269 3070 eod.
291 3006 480 3071 Rawlieeott.
502 3007 741 3089 μαρτνρημένων,
765 3007 875 3071 itidem
900 3007 965 3071 ted.
980 3010 1031 3070 26.
1054 3028 1127 3069 nam
1149 3030 1188 3086 με
1209 3004 1256 3068 di-

206 3130 296 3172 verso
309 3117 492 3174 atramento
507 3108 674 3173 adlinitum
692 3117 751 3173 eet.

251 3210 333 3275 Ibid.
352 3210 579 3295 εὖπολιτεύτων]
596 3211 648 3274 Sie
663 3233 722 3296 pro
737 3210 817 3275 edito
834 3211 1046 3283 ἂπολιτεύτων,
1061 3209 1149 3273 wad.
1164 3208 1255 3293 quin-

205 3332 261 3396 que
273 3333 309 3376 ιω
329 3322 390 3377 orto
412 3312 601 3389 Bedente,
621 3314 654 3377 in
676 3313 739 3378 cod.
755 3313 840 3377 enim
856 3314 925 3397 158.
945 3335 1006 3376 vox
1031 3310 1146 3374 definit.
1192 3310 1257 3375 Sed

205 3434 280 3477 vero
303 3415 505 3479 ἆπολιτεύτων
529 3414 562 3477 iu
586 3415 669 3479 hune
696 3415 826 3477 modum
849 3414 1007 3498 explicare
1026 3411 1176 3476 Baleamo
1201 3432 1257 3495 ag-

204 3537 332 3599 gressus
361 3524 431 3592 θοις
466 3516 648 3596 μεμνημένοι
677 3523 736 3580 πῶν
765 3516 823 3597 πρὸ
849 3520 899 3595 τῆς
928 3516 1102 3580 ἐκπτώσεως
1131 3513 1257 3593 ἀγόνων

206 3618 311 3691 aubrie,
334 3620 375 3681 ὧν
396 3616 567 3698 ὑπήνεγκαν
588 3622 637 3681 διὰ
659 3617 711 3681 τὸν
735 3617 830 3689 Θεὸν,
851 3619 933 3680 ἁλλὰ
953 3617 1013 3696 μὴν
1035 3616 1084 3678 καὶ
1107 3617 1160 3677 roi>
1182 3615 1258 3692 μετὰ

205 3723 297 3783 ταῦτα
311 3721 425 3801 ἀγαθοῦ
442 3719 611 3798 μεταμέλαυ
630 3720 751 3790 τούτων,
776 3720 825 3781 καὶ
845 3719 892 3780 ὅτι
909 3718 1127 3799 μεμαρτύρησαι
1149 3715 1253 3778 ἀπολι-

205 3821 323 3887 τεέπους
335 3820 510 3900 λογίζεσθαι
525 3819 644 3885 ἑαυτοὺς
659 3823 707 3883 διὰ
722 3818 888 3899 ἁμάρτημα·
905 3834 942 3882 at
955 3818 1085 3881 frustra.
1121 3815 1178 3878 Ad
1193 3816 1255 3881 Po·

205 3919 332 3995 delium,
348 3919 381 3982 in
393 3941 456 4003 quo
471 3928 585 3984 extent
598 3918 845 4001 μαρτυρουμένων
856 3919 1057 3982 ἆπολιτεύιων
1072 3914 1255 3998 γενομένων,

204 4020 394 4083 adnotatum
405 4025 466 4096 eet,
476 4018 532 4083 Ἐν
541 4020 646 4086 ἄλλοις
657 4019 713 4101 οὐχ
725 4020 891 4098 εὑρίσκεται
900 4018 946 4091 τὸ,
958 4019 1160 4089 ἂπολιτεύτων
1170 4039 1255 4096 γενο-

204 4121 312 4201 μένων,
330 4124 412 4185 tlte
426 4123 520 4200 μόνον
532 4127 630 4195 ταῦτα,
643 4120 686 4183 έτι
700 4144 733 4182 rr
749 4121 797 4182 καὶ
807 4116 1074 4199 μεμαρτυρημένων
1092 4117 1126 4178 έν
1140 4117 1181 4198 τῷ
1196 4114 1254 4196 βίῳ

205 4224 311 4287 αὐτῶν.
357 4222 510 4286 Fortasse
530 4220 612 4285 enim
629 4244 667 4286 ex
686 4221 828 4305 mmgine
850 4219 1018 4283 advectum
1033 4216 1108 4281 olim
1127 4222 1177 4277 eet
1197 4212 1257 4282 hoe

205 4324 536 4410 interpretamentum,
553 4324 767 4387 εὐπολιτεύτων
783 4348 811 4401 γ.

702 4445 723 4489 Κ
741 4442 759 4489 2
