3242 5150
387 415 659 480 CONCILIUM
684 416 1011 480 ARELATENSE
1036 418 1066 480 1.
1187 420 1253 484 307

199 588 285 645 XIII.
303 589 351 645 De
363 590 400 646 iis
413 591 462 666 qui
473 589 628 666 scrietsras
640 607 742 655 muas,
755 608 823 646 uasa
837 589 994 657 Dominicis,
1008 590 1054 646 uei
1069 591 1250 664 neminasse-

324 694 397 742 trum
410 687 559 743 tradidisse
571 686 706 744 dicssstsr.

200 782 281 839 XIV.
300 782 337 839 Ut
358 784 404 858 qui
415 784 497 857 sulse
517 793 644 840 accusat
655 784 769 857 fratres
788 802 860 849 esee,
875 803 956 858 usque
969 785 1006 840 ad
1024 787 1123 840 esitsm
1144 803 1249 842 ercem-

319 881 495 937 mnieestur.

201 975 268 1033 XV.
286 975 324 1034 Ut
338 977 526 1034 discessisses
540 977 666 1051 (fierem.

198 1074 282 1130 XVI.
298 1073 337 1131 Ut
350 1074 396 1130 ubi
409 1074 520 1150 quisque
529 1074 593 1148 fuit
606 1075 856 1143 excommunicatis-s,
871 1075 909 1132 ibi
929 1077 1133 1134 communionem
1155 1095 1245 1132 eusse-

197 1268 298 1326 XVII.
317 1268 355 1325 Ut
368 1268 459 1326 nulius
471 1270 612 1345 epirum
624 1268 709 1326 ulium
723 1271 858 1328 conculcet
872 1272 1032 1347 episcopum.

199 1365 314 1424 XVIII.
339 1366 388 1424 De
410 1367 566 1424 diaconibus
584 1367 694 1434 urbicis,
717 1376 748 1424 st
770 1369 829 1424 sisse
844 1369 1063 1445 presbyterorum
1087 1369 1247 1426 muscientis

319 1463 492 1539 sibilasset.

197 1562 281 1619 XIX.
299 1562 337 1620 Ut
344 1563 498 1638 pereyrtsts
510 1563 642 1638 episcopis
655 1563 729 1621 ieess
738 1565 913 1639 sacrificandi
925 1565 1013 1622 detur.

196 1660 264 1718 XX.
282 1661 320 1717 Ut
332 1661 390 1716 siue
403 1659 491 1717 tribus
504 1661 638 1736 episeopis
650 1661 740 1719 sullus
753 1664 893 1737 epscopus
906 1663 1054 1720 ordinetur.

197 1757 281 1816 XXI.
299 1758 336 1816 Ut
345 1758 509 1834 presbyteri,
523 1767 571 1815 eut
591 1759 723 1824 dioceses,
738 1761 785 1834 qui
805 1761 843 1816 ad
861 1761 917 1818 ulia
938 1761 1047 1817 lecese
1066 1761 1247 1834 tramsmnt.

318 1857 493 1932 dqsewstw.

196 1951 294 2008 XXII.
308 1954 355 2010 De
365 1954 509 2028 eportatis,
522 1955 569 2028 qui
582 1955 610 2009 iss
624 1955 781 2028 infimitate
791 1958 997 2013 communionem
1006 1963 1103 2033 petunt
1112 1956 1139 2014 *.

585 2193 853 2234 -4-

223 2382 531 2456 mlNCIPIUNT
556 2385 803 2459 CANONES
830 2386 1216 2472 ARELATENSES‚

380 2558 458 2619 SUB
478 2558 638 2620 SANCTO
658 2562 825 2621 MARINO
846 2561 1051 2621 EPISCOPO.

196 2687 337 2752 Domino
359 2688 558 2753 sanctissimo
583 2690 676 2756 fratri
702 2691 855 2756 Silvestre
880 2690 1040 2768 Marinus,
1067 2689 1115 2753 vel
1142 2696 1247 2753 eoetue

236 2797 454 2883 episcoporum
468 2798 522 2883 qui
537 2798 669 2864 edundi
684 2800 813 2864 inerunt
828 2799 860 2862 in
875 2798 993 2885 oppido
1008 2796 1201 2863 Arelatensi.

238 2916 323 2997 Qun)
356 2918 587 2984 decreverimus
620 2920 776 2984 communi
812 2918 952 2996 consilio,
992 2916 1147 2982 ”eufimii
1177 2924 1244 2981 tuae

194 3024 476 3111 †signitieevimus‚
491 3034 529 3093 ut
543 3049 653 3093 omnes
667 3028 770 3094 soient
785 3028 861 3113 quid
876 3027 908 3090 in
923 3027 1064 3093 futurum
1076 3026 1248 3091 observare

192 3136 340 3203 debeant.

702 3266 729 3333 Ι.

235 3376 367 3441 ⁰Prim0
387 3378 457 3443 loeo
474 3379 515 3443 de
534 3380 756 3446 observatione
775 3382 909 3447 Pasehae
924 3380 1114 3458 inominici,
1127 3388 1164 3445 ut
1179 3403 1244 3445 uno

193 3485 245 3550 die
260 3495 371 3552 etune
391 3495 535 3575 tempore
555 3513 750 3576 peromnem
766 3494 876 3557 orbem
896 3516 917 3558 e
934 3492 1025 3557 nobis
1046 3493 1243 3569 observetur,

192 3606 226 3661 et
237 3598 334 3682 juxta
348 3602 607 3667 consuetudinem
621 3602 747 3669 litteras
761 3605 801 3669 ed
819 3626 928 3668 omnes
943 3611 979 3668 tu
995 3602 1123 3689 diriges.

224 3842 246 3871 m
259 3834 301 3881 Es
312 3835 389 3883 tribus
400 3836 482 3885 MSS.
493 3840 581 3887 nestris
592 3840 674 3889 Paris.
686 3840 714 3888 in
725 3842 811 3904 quidm
820 3847 855 3889 est
867 3838 968 3888 cellectio
981 3838 1074 3887 Isidori.
1141 3848 1156 3876 ¹¹
1169 3838 1241 3885 Mer-

191 3915 236 3961 ts‘sst
247 3918 325 3974 eduis,
337 3916 471 3967 esritstire.
577 3930 592 3959 ⁰
605 3919 644 3970 26.
656 3924 697 3972 De
709 3924 805 3972 Coum.
816 3924 870 3970 dist.
879 3936 901 3983 3.
913 3920 953 3969 De
962 3920 1128 3969 obsemtions
1138 3918 1241 3983 perche.

191 4006 206 4044 Ρ
221 3997 282 4045 MS.
294 3997 437 4049 Dominiese.
448 4000 485 4065 (et
495 4003 531 4050 ed.
547 4003 724 4069 Matritensis.)
739 4006 844 4053 Massi
854 4005 933 4063 editio,
944 4002 1052 4052 Domini.

223 4146 238 4175 θ
250 4145 354 4211 (Titulis
369 4149 423 4199 istis
432 4152 566 4202 wnsimiles
581 4164 640 4204 sunt
656 4152 699 4216 iili,
708 4170 768 4218 ques
779 4154 892 4203 Mensius
905 4157 930 4204 in
947 4163 1067 4219 pestremo
1082 4152 1242 4202 Consiliorum

189 4228 295 4279 editione
306 4230 407 4294 eddidit,
417 4232 465 4281 sel.
473 4233 494 4282 1.
506 4250 530 4297 p.
538 4248 595 4298 474.
607 4238 730 4299 pratens,
741 4240 758 4266 “
767 4237 854 4300 Tisedi,
867 4254 909 4287 seu
919 4238 1031 4301 Epiteme
1040 4236 1168 4285 Curionum
1176 4235 1239 4281 Are·

190 4312 206 4336 ‘⁸
217 4308 348 4361 Istensium
365 4330 397 4363 ex
414 4323 512 4365 vetusts
526 4316 663 4368 selbetione
683 4318 740 4367 Ms.
757 4318 851 4368 Codicis
862 4335 919 4385 490.
947 4317 1065 4369 humei·
1083 4316 1165 4379 scripti
1182 4315 1243 4362 sse.

191 4392 207 4418 ‘⁴
216 4391 320 4457 vnit)
421 4404 441 4458 †
456 4396 708 4463 (dgnifiesmuseditie
719 4402 840 4449 &mendi
851 4410 876 4451 et
886 4398 1058 4461 Matritensis.)

668 4499 754 4546 ΒΗ
