3242 5150
378 394 420 454 42
673 391 924 470 RELIQUIAE
951 391 1129 455 SACRAE.

375 565 638 668 παραδοθέντος
648 562 817 666 τέτταρσι
829 563 1023 666 τετραδίοις
1036 568 1267 665 στρατιωτῶν
1278 561 1430 670 φυλάση

377 732 457 779 σειν
482 696 603 779 αὐτόν·
636 700 677 779 οὗ
699 701 737 778 έν
761 702 859 778 νυκτὶ
883 696 1072 805 φυγόντος,
1091 702 1150 777 καὶ
1171 697 1367 803 ρνσθείιτος
1386 701 1426 780 ἐκ

377 833 494 939 χειρὸς
507 841 572 915 τοῦ
586 833 769 941 φονοίδους
786 833 954 936 Ἡριίδου
972 834 1031 912 καὶ
1048 831 1172 931 ποίσης
1189 836 1253 930 τῆς
1265 836 1426 934 προσδο-

378 973 456 1054 κίας
482 978 546 1050 τοῦ
568 977 661 1048 λαοῦ
683 975 756 1049 τῶν
777 968 968 1066 Ἰουδαίων,
987 969 1064 1047 κατ’
1093 966 1244 1067 ἐντολὴν
1266 967 1427 1067 ἀγγέλου

380 1107 524 1208 Κυρίου·
560 1109 761 1207 γενομένης,
789 1107 916 1211 φησὶν,
940 1102 1072 1205 ἡμέρας
1098 1099 1143 1202 ἦν
1173 1101 1330 1205 τάραχος
1361 1102 1458 1194 odes

378 1241 501 1342 ὀλίγος
519 1243 556 1320 έν
574 1249 648 1324 τοῖς
670 1239 917 1342 στρατιώταις,
936 1239 975 1319 τί
990 1238 1060 1339 ἀρα
1085 1238 1105 1315 ὁ
1125 1237 1263 1341 Πέτρος
1277 1236 1426 1339 ἐγένετο.

378 1375 546 1478 Ἡρώδης
575 1376 613 1455 δέ
644 1373 857 1477 ἐπιζητήσας
885 1371 993 1496 αι’πδν
1021 1375 1079 1452 καὶ
1106 1371 1156 1472 μὴ
1183 1372 1305 1476 εὑρὼν,
1335 1375 1422 1452 ἀνα·

378 1513 499 1616 κρίνας
524 1511 606 1595 τοὺς
632 1510 809 1616 φύλακας,
838 1508 1024 1588 ἐκέλευσεν
1050 1510 1265 1610 ἀπαχθῖναι.
1298 1509 1341 1586 δι’
1367 1507 1427 1590 οὓς

379 1649 522 1747 οὐδεμία
541 1649 636 1728 αἰτία
653 1652 705 1754 τῷ
731 1645 860 1753 Πέτριρ
884 1643 1142 1747 προσάπτεται·
1171 1642 1256 1748 ἐξῆν
1279 1641 1428 1746 γὰρκαὶ

379 1781 506 1867 αὐτοὺς
534 1780 732 1884 ἑωρακότας
765 1779 807 1861 τὸ
839 1777 1041 1881 γενόμενον,
1070 1781 1247 1884 ἐκφυγεῖν·
1288 1782 1337 1861 ὡς
1369 1781 1428 1857 καὶ
1441 1820 1483 1858 10

379 1913 524 1994 ΙΙπάντα
549 1912 595 1993 τὰ
613 1915 737 1992 παιδία
761 1911 807 1992 τά
829 1915 867 1992 έν
893 1911 1070 2012 Βηθλεὲμ,
1088 1916 1148 1992 καὶ
1170 1914 1208 1992 έν
1232 1919 1326 1992 πᾶσι
1354 1919 1429 1995 τοῖς

380 2049 487 2151 ὁρίοις
504 2049 622 2146 αὐτῆς,
641 2053 670 2126 εί
690 2047 907 2149 ε’γνιίκεισαν
923 2052 957 2125 οἱ
975 2054 1088 2148 γονεῖς
1102 2048 1219 2126 αὐτῶν
1232 2045 1274 2126 τὸ
1285 2047 1429 2144 μέλλον

283 2269 286 2276 .
381 2183 542 2278 ἔσεσθαι,
553 2177 644 2284 ἅπερ
655 2181 882 2287 ἀνῃρέθησαν
896 2180 966 2262 ἀπὸ
979 2189 1047 2290 τοῖν
1055 2179 1247 2286 μιαιφόνου
1258 2181 1431 2285 Ἡρώδου

425 2314 651 2344 tueor

382 2319 441 2395 δια
465 2350 580 2396 τουπ
608 2324 718 2396 αυτοῦ
742 2314 952 2417 ζητούμενον
979 2315 1182 2396 ἀπολέσθαι
1209 2314 1248 2395 ἓν
1272 2317 1427 2396 παιδίον·

382 2448 470 2553 ὅπερ
488 2454 547 2530 καὶ
561 2449 647 2530 αι’πὸ
663 2451 738 2530 κατ’
754 2449 905 2550 ἐντολὴν
917 2448 1079 2552 ἀγγέλου
1092 2453 1227 2552 Κυρίου
1244 2450 1427 2556 ἐξέφυγεν,
1441 2482 1479 2539 15

381 2587 450 2688 ἤδη
475 2585 675 2694 ἀρξάμενον
701 2587 837 2692 ταχέως
864 2586 1051 2666 σκυλεύειν
1072 2588 1130 2666 καὶ
1155 2585 1266 2693 ὀξέως
1292 2621 1425 2691 προνο-

605 2721 783 2752 tta!

381 2722 509 2822 μεθειν,
529 2757 621 2802 κατα
637 2757 704 2821 την
721 2731 913 2821 επικλησιν
937 2729 1002 2800 τοῦ
1026 2720 1210 2819 ὀνόματος,
1228 2721 1346 2806 καθὼς
1364 2722 1425 2825 γέ·

382 2890 551 2961 γραπται,
564 2854 752 2935 ἰΚοίλεσον
762 2854 804 2935 τὸ
815 2854 927 2955 ὄνομα
939 2856 1057 2952 αὐτοῦ,
1069 2855 1203 2959 ταχέως
1212 2855 1429 2953 σκύλευσον,

383 3045 523 3105 stolorum
542 3044 676 3123 princeps
692 3046 734 3103 eie
751 3046 781 3103 in
799 3065 880 3103 men·
930 3046 982 3104 illo
1007 3046 1070 3105 viso
1091 3047 1172 3124 quod
1192 3048 1301 3105 factum
1320 3050 1428 3115 luerat,

382 3138 442 3185 tem
465 3126 571 3191 veniat,
593 3127 643 3201 qui
667 3125 697 3183 in
720 3125 880 3185 custodiam
931 3127 1077 3205 effugere:
1107 3128 1183 3186 sieut
1206 3138 1238 3186 et
1261 3148 1362 3187 omnes
1383 3130 1428 3187 in·
1441 3146 1480 3185 oo

383 3218 447 3265 erat
460 3205 618 3283 conjectus,
630 3216 660 3264 et
672 3206 797 3265 traditur
810 3226 882 3283 qua·
931 3208 1027 3265 fantes
1041 3208 1092 3284 qui
1110 3219 1193 3267 erant
1211 3208 1242 3264 in
1265 3209 1429 3276 Bethleem,

383 3298 451 3345 tuor
481 3286 720 3362 quaternionibus
753 3286 880 3345 militum
932 3298 963 3346 et
984 3289 1015 3344 in
1034 3289 1169 3346 omnibus
1191 3287 1255 3364 ejus
1274 3289 1430 3358 {imbuam

383 3368 495 3426 adeum
506 3366 743 3425 custodiendum:
755 3368 881 3444 quicum
932 3368 1084 3427 scivissent
1094 3388 1194 3427 eorum
1207 3380 1341 3443 parentes
1351 3370 1430 3447 quod

383 3459 472 3506 noctu
494 3448 626 3525 fugisset,
649 3460 679 3505 et
701 3468 738 3507 ex
762 3447 881 3506 Judoeo-
932 3460 996 3506 erat
1007 3449 1150 3515 futurum,
1162 3450 1212 3525 qui
1227 3449 1365 3508 aorudeli
1377 3450 1430 3507 ho-

383 3548 449 3586 rum
460 3547 548 3584 manu
563 3538 694 3586 servatus
704 3540 790 3594 esset,
797 3528 883 3606 jussu
932 3528 1038 3587 mieida
1053 3529 1173 3587 Herode
1181 3528 1288 3587 sublati
1302 3541 1380 3598 sunt,
1396 3541 1431 3589 ut
1441 3548 1479 3605 25

386 3606 495 3685 Angeli
519 3606 650 3675 Domini,
659 3606 750 3686 sacto
773 3608 881 3685 inquit‚'
933 3628 1010 3667 uuuo
1020 3610 1070 3686 qui
1088 3610 1125 3667 ab
1138 3630 1173 3668 oo
1187 3611 1370 3686 quaerebatur
1386 3609 1432 3668 in-

385 3689 441 3758 die,
453 3697 514 3746 erat
526 3709 580 3747 αοα
588 3708 684 3766 ροτοα
698 3689 824 3747 turbatio
838 3689 881 3746 ιἰι-
933 3690 998 3747 fana
1017 3690 1135 3767 periret,
1150 3690 1199 3766 qui
1220 3700 1252 3748 et
1266 3691 1329 3769 ipae
1346 3690 1430 3766 jussu

385 3777 429 3826 ter
442 3768 554 3838 milites,
566 3768 700 3847 quidnam
705 3767 824 3847 sactum
839 3787 888 3864 eo,V
933 3769 1041 3847 Angeli
1064 3769 1123 3829 Dei
1144 3770 1259 3847 effugit,
1282 3771 1333 3848 qui
1356 3769 1431 3829 oele·

385 3850 482 3908 aeide
504 3850 598 3907 Petro.
642 3848 774 3907 Herodes
789 3858 893 3908 autem*
933 3850 1003 3908 riter
1011 3850 1071 3926 jam
1083 3862 1210 3929 ooeperat
1222 3850 1315 3929 spolia
1325 3849 1432 3909 veloci-

385 3950 447 3987 cum
453 3928 617 4009 requisisset
627 3948 697 3997 eum,
703 3937 730 3986 et
739 3950 793 3988 non
805 3930 881 3989 inoe-
932 3941 979 3988 ter
997 3929 1160 3997 detrahere,
1175 3941 1206 3989 et
1224 3930 1283 3989 oito
1298 3930 1430 4009 praedari,
1441 3950 1481 4006 30

385 4008 482 4078 uisset,
494 4008 673 4087 inquisitione
673 4006 763 4086 foeta
775 4009 810 4067 de
820 4031 883 4068 cur·
933 4009 1092 4068 seeundum
1103 4010 1327 4089 appellationem
1339 4012 1432 4069 nomi·

386 4087 755 4225 todr'burjusrilaurffooarr',
783 4101 883 4171 ropter
933 4091 997 4161 οἶες
1028 4090 1273 4167 quemadmodum
1290 4091 1431 4170 scriptum

385 4188 458 4247 quoa
486 4166 566 4226 nullo
592 4188 679 4247 cupa
702 4168 734 4226 in
760 4111 882 4229 letram
932 4182 994 4229 eat:
1022 4172 1431 4248 Vocanomenejur,uocelera

384 4250 542 4309 confertur.
585 4248 707 4308 Licebat
730 4251 807 4309 enim
829 4251 881 4320 eio,
932 4249 1431 4330 epoliadetralere,sestinaprodu-

581 4378 596 4419 h
610 4379 673 4427 Mat.
684 4378 709 4427 ii.
725 4378 760 4428 ιίι
1051 4379 1059 4417 i
1071 4378 1104 4427 1⁸.
1115 4378 1165 4427 viii.
1179 4392 1203 4440 3,
1212 4397 1236 4439 4.
