3242 5150
376 364 416 437 iv
767 364 1039 439 PRAEFATIO.

375 547 575 621 oraverint.
627 547 701 622 Sed
726 569 886 622 manum
912 549 959 622 de
983 549 1126 637 tabule
1150 571 1199 623 ne
1217 551 1359 646 jurgiis
1381 573 1432 627 ac

374 681 509 754 litibus
520 701 582 754 me
595 681 802 776 implicem3
820 704 908 755 cum
919 704 1009 756 vero
1021 683 1199 778 exemplu
1209 685 1314 757 mula
1323 684 1429 758 unde

374 814 568 909 coeperint,
586 814 640 887 ibi
660 836 748 888 rurc
770 815 991 901 consistant,
1012 836 1062 888 ne
1084 814 1247 890 sonasse
1266 817 1430 911 posthoc

373 945 557 1019 laetentur
586 953 626 1019 et
651 948 830 1020 exultent
854 946 1023 1020 ecclcsiae
1048 952 1191 1020 nostrae
1217 947 1428 1022 adversarii

372 1078 514 1152 veteris
544 1078 754 1174 disciplinae
780 1078 822 1151 in
851 1077 1153 1151 ordinationibus
1180 1078 1298 1152 sacris
1323 1084 1429 1152 recte

372 1209 446 1304 ipsi
469 1218 633 1298 tenaces
651 1212 735 1284 haec
753 1210 891 1284 idcirco
909 1211 956 1283 de
973 1231 1015 1283 re
1030 1231 1215 1304 perquam
1228 1212 1337 1306 gravi
1348 1213 1426 1284 ἑκῶν

372 1343 504 1415 ἀέκοντί
516 1373 557 1437 γε
574 1349 662 1436 θυμῷ
676 1341 820 1436 scripsi.
857 1342 977 1418 Paulo
993 1348 1082 1436 post
1098 1342 1251 1427 editam,
1263 1364 1350 1437 quae
1368 1365 1427 1416 se·

373 1475 513 1568 quitur,
527 1474 574 1549 de
592 1476 795 1570 Ancyruno
809 1493 954 1547 canone
967 1472 1281 1567 disquisitionem,
1294 1474 1426 1568 depre-

372 1604 489 1678 hendi
520 1607 750 1680 sententiam
776 1627 904 1679 meam
924 1603 998 1677 fide
1024 1626 1070 1677 ac
1086 1604 1232 1698 judicio
1253 1606 1424 1680 ecclesiae

372 1734 524 1814 Graecae.
543 1737 586 1810 in
615 1758 760 1832 nupero
790 1736 978 1830 Synodico
1008 1735 1094 1830 ejus
1120 1735 1267 1833 liquido
1290 1737 1426 1812 conflr-

371 1871 528 1940 matam.
577 1865 670 1941 Haec
686 1867 883 1942 hactenus.

411 1997 504 2074 lum
516 2003 646 2072 autom
660 1998 829 2080 collectis
841 2000 1088 2096 ἀναντιῤῥῆτοις
1104 1997 1152 2072 iis
1163 2000 1426 2078 monumentis

371 2126 600 2210 Christiunae
628 2129 882 2224 antiquitatis,
909 2129 957 2210 de
984 2128 1124 2222 quibus
1149 2128 1246 2205 bene
1274 2131 1423 2219 mereri,

371 2283 599 2363 quecunque
625 2285 667 2336 re
689 2284 851 2363 possem,
875 2263 1017 2348 studui,
1037 2284 1134 2358 opus
1155 2262 1423 2359 imperfectum

369 2391 450 2474 fore
470 2399 579 2494 ratus
600 2417 697 2496 sum,
722 2394 826 2500 quod
852 2399 1085 2476 vetustatem
1108 2395 1423 2473 AnteNicaeuum

370 2545 563 2621 nusquam
579 2527 792 2627 seperatim,
803 2527 950 2608 editam
963 2549 1045 2630 prae
1062 2550 1103 2607 se
1120 2527 1200 2607 fert·
1212 2527 1256 2609 iu
1270 2537 1424 2621 arctum

370 2658 555 2759 colligere,
573 2662 648 2744 nisi
670 2662 703 2738 si
723 2662 802 2745 elia
821 2663 1001 2759 quaedam
1023 2663 1167 2758 scripta
1184 2662 1235 2735 sd
1255 2663 1422 2761 antiqui·

368 2796 490 2866 tatem
521 2793 742 2887 canonicum
771 2794 1006 2886 pertinentia
1037 2792 1298 2887 superioribus
1326 2794 1422 2887 adji-

368 2927 555 3004 cerentur.
607 2921 775 3027 Hujusce
808 2920 1040 3018 Appendicis
1072 2940 1163 3018 pars
1201 2920 1305 3018 prior
1343 2922 1424 2997 tria

368 3057 476 3137 tenet
510 3052 680 3130 Concilio
717 3058 808 3128 ante
846 3051 1045 3147 Synodum
1082 3051 1279 3131 uicenam
1316 3054 1425 3153 apud

368 3184 631 3271 Occideutules
648 3185 858 3276 celebrato
883 3208 1068 3289 germana
1084 3187 1153 3264 illa
1168 3186 1335 3284 quidem,
1352 3187 1420 3263 sed

367 3339 533 3421 quorum
559 3339 735 3406 canones,
754 3319 822 3415 qui
844 3326 1059 3422 supersunt,
1080 3321 1122 3394 in
1144 3320 1296 3406 nullum
1319 3319 1421 3393 codi-

367 3472 450 3525 cem
479 3451 643 3547 publicse
670 3453 913 3531 auctoritatis
935 3453 1048 3536 reluti
1071 3458 1173 3534 suut
1225 3454 1271 3526 In
1296 3452 1421 3527 altere

366 3604 458 3666 uero
486 3590 595 3684 purte
623 3584 824 3679 sistuntur,
850 3583 999 3675 ratione
1025 3585 1167 3661 ibidem
1192 3584 1352 3679 redditu,
1379 3582 1416 3656 S.

367 3713 559 3819 Pamphili
591 3736 659 3817 pro
693 3714 855 3810 Origene
892 3716 1084 3817 Apologia
1115 3722 1156 3789 et
1189 3714 1226 3797 S,
1244 3713 1417 3809 Dionysii

367 3848 617 3941 Alexandrini
629 3871 671 3923 re
688 3855 727 3923 et
743 3849 898 3929 nomine
911 3848 1039 3945 Magni
1053 3848 1199 3943 aliquot
1215 3847 1415 3943 Excerptu

366 3980 462 4067 Quae
480 3986 610 4063 autem
628 3981 677 4065 qd
701 3981 784 4053 haec
805 3979 950 4074 scripte
968 3979 1209 4064 emendanda
1227 3978 1353 4065 attuli,
1370 3998 1418 4051 ca

366 4113 508 4199 omnio,¹
521 4112 665 4197 notulis
682 4112 778 4190 meis
794 4113 835 4192 in
857 4112 1085 4207 Dionysium
1106 4112 1287 4205 exceptis,
1305 4109 1416 4185 semi-

364 4245 518 4319 circulis
532 4245 681 4321 inclusa
697 4245 746 4317 ad
764 4245 883 4317 imam
899 4244 1079 4341 peginam
1097 4242 1288 4316 collocavi.
1340 4240 1414 4313 Sed

366 4377 577 4456 Concilium
604 4376 793 4463 Certense,
820 4382 953 4471 utpote
979 4376 1080 4472 quod
1104 4378 1315 4449 conventus
1339 4374 1416 4448 fuit
