3242 5150
206 1102 491 1170 ANTIOOHENI
513 1105 812 1182 ΡΒΕ8ΒΥΤΕΒΙ,
834 1106 891 1170 ΕΤ
915 1107 1163 1186 MARTYRIS,

164 1285 234 1345 QUI
252 1285 459 1342 VERGENTE
477 1287 530 1342 AD
550 1287 672 1342 FINEM
692 1287 854 1344 SAECULO
872 1289 1012 1345 TERTIO
1032 1290 1206 1357 FLORUIT,

551 1458 821 1543 RELIQUIAE.

573 1679 798 1707 ---·0--

138 1847 155 1903 5
406 1839 966 1926 Eafiaefflpsbtohoaddntiocdcaoa

164 1971 481 2070 ΑΣΠΑΖΕΤΑΙ
507 1994 597 2090 ὑμᾶς
624 1992 732 2096 χόρος
758 1991 854 2076 ἅπας·
886 1993 975 2089 ὅμου
1000 1992 1202 2094 μαρτύρων.

165 2113 451 2219 Εὐαγγελίῷμαι
469 2114 507 2193 δὲ
526 2119 625 2214 ὑμᾶς,
641 2121 688 2199 ὡς
701 2113 877 2215 Ἀνθιμος
896 2120 915 2195 ὁ
938 2116 1061 2198 ednas
1078 2122 1129 2222 τῷ
1143 2126 1207 2196 τοῦ

163 2241 359 2346 μαρῐνρῖοϋ
393 2238 514 2346 δρόμῳ
544 2241 744 2341 ἐτελειώθη.
804 2269 872 2328 Hoc
898 2279 981 2327 extat
1007 2269 1039 2326 in
1069 2268 1210 2327 Chronico

165 2369 305 2428 Paschala'
319 2387 370 2426 seu
386 2366 592 2433 Alexandrino,
607 2388 636 2446 p.
649 2368 719 2434 277.
731 2367 776 2426 ed.
792 2367 946 2444 Ducangii.

123 2522 157 2560 ro
203 2498 337 2558 Salutem
352 2495 506 2575 plurimam
522 2497 603 2555 vobis
617 2497 659 2555 di·
711 2517 790 2555 mum
822 2517 925 2576 papam
957 2495 1088 2576 martyrii
1122 2515 1208 2553 cursu

165 2580 205 2638 eit
223 2580 379 2637 universus
393 2574 479 2632 simul
499 2587 659 2655 martyrum
710 2578 872 2657 perfectum
887 2577 986 2633 fuisse.

166 2658 278 2717 chorus.
320 2654 437 2712 Nuntio
455 2656 537 2713 vobis
550 2656 659 2715 Anthi-

576 2844 790 2878 ,4-

164 2984 304 3047 hodoni
318 3003 420 3047 coram
433 2982 589 3058 Proeside,
602 2992 762 3067 antequem
769 3004 881 3068 passm
896 2983 946 3059 sit,
960 2981 1065 3048 tatia
1081 2982 1208 3053 Oratio,-

206 3106 302 3169 qaam
319 3104 383 3147 saca
401 3084 530 3147 mosot
551 3084 799 3168 Jampractioni
820 3085 970 3148 Hsbtosioe
991 3083 1211 3148 Eockss'osticoe

122 3196 154 3258 15
206 3184 337 3249 Easodii
357 3186 499 3267 Rufinus,
521 3183 574 3247 lib.
591 3184 633 3248 ix.
653 3206 722 3269 cap.
739 3184 770 3251 6.
792 3185 901 3251 tom.i.
926 3207 957 3270 p.
968 3186 1043 3249 515.
1065 3184 1112 3247 cd.
1137 3185 1211 3247 Ooo-

205 3307 315 3349 morta.

208 3443 248 3505 In
269 3440 397 3505 occulto
418 3462 482 3504 uon
503 3448 562 3519 cst,
582 3442 666 3525 quod
689 3464 746 3506 nos
761 3443 934 3508 Christiani
956 3463 1049 3527 quem
1069 3440 1210 3517 colimus,

166 3549 255 3614 Deus
276 3570 362 3614 unus
383 3556 443 3622 est.
470 3571 528 3634 por
552 3549 717 3615 Christum
742 3552 834 3615 nobis
859 3552 1071 3615 annunciatus
1095 3557 1130 3614 ct
1155 3570 1212 3633 per

154 3659 323 3744 'Spiritum
339 3666 483 3723 sendum
498 3661 616 3724 nostris
630 3660 778 3724 cordibus
795 3660 978 3746 inspiratus.
1024 3658 1102 3722 Non
1116 3658 1210 3734 enim,

124 3767 246 3832 coricus
276 3788 336 3830 vos
364 3767 496 3850 putatis,
525 3767 671 3833 humanae
700 3768 833 3854 alicujus
865 3766 1077 3853 persuasionis
1105 3786 1213 3829 errore

166 3873 427 3958 constringimur,'
438 3896 496 3938 noc
510 3874 694 3953 indiscussa,
710 3884 747 3941 ut
768 3876 834 3952 alii,
848 3884 1018 3961 parentum
1039 3873 1213 3939 traditione

166 3982 350 4068 decipimur.
389 3982 514 4045 Auctor
533 3982 624 4046 uobis
644 3983 684 4046 de
699 3982 779 4061 Deo,
795 3984 884 4048 Deus
897 3991 957 4048 est.
1001 3984 1114 4065 Neque
1129 3982 1214 4045 enim

167 4099 273 4174 posset
297 4080 441 4154 sublimis
462 4090 516 4154 illa
538 4091 690 4175 majestas
711 4093 856 4157 sensibus
877 4093 1024 4157 humanae
1044 4090 1160 4153 mentis
1178 4090 1214 4153 il-

168 4199 240 4273 labi,
256 4200 318 4263 nisi
341 4200 392 4263 vel
407 4199 545 4283 Spiritus
560 4200 608 4264 sui
628 4200 747 4266 virtute
769 4202 888 4278 dolata,
903 4202 951 4265 vel
974 4200 1075 4264 Verbi
1096 4220 1135 4262 ao
1155 4198 1213 4262 Sa·

126 4332 159 4389 25
169 4308 296 4391 pientiae
312 4330 377 4373 suae
390 4308 706 4393 interpretationibus
717 4311 866 4376 indicata.
900 4311 1031 4386 Fateor,
1040 4307 1213 4372 sumsimus
