<?xml version="1.0" encoding="UTF-8"?>
<!DOCTYPE html PUBLIC "-//W3C//DTD XHTML 1.0 Transitional//EN"
    "http://www.w3.org/TR/xhtml1/DTD/xhtml1-transitional.dtd">
<html xmlns="http://www.w3.org/1999/xhtml" xml:lang="en" lang="en">
 <head>
  <title>
</title>
<meta http-equiv="Content-Type" content="text/html;charset=utf-8" />
  <meta name='ocr-system' content='tesseract 3.04.00' />
  <meta name='ocr-capabilities' content='ocr_page ocr_carea ocr_par ocr_line ocrx_word'/>
</head>
<body>
  <div class='ocr_page' id='page_1' title='image "./reliquiaesacrae12routgoog_0198.png"; bbox 0 0 3242 5150; ppageno 0'>
   <div class='ocr_carea' id='block_1_1' title="bbox 348 374 1062 459">
    <p class='ocr_par' dir='ltr' id='par_1_1' title="bbox 348 374 1062 459">
     <span class='ocr_line' id='line_1_1' title="bbox 348 374 1062 459; baseline 0 -1"><span class='ocrx_word' id='word_1_1' title='bbox 348 393 413 458; x_wconf 79' lang='lat' dir='ltr'><strong>lae</strong></span> <span class='ocrx_word' id='word_1_2' title='bbox 679 374 1062 459; x_wconf 74' lang='lat' dir='ltr'><strong>Annonnnlon&#39;ns</strong></span> 
     </span>
    </p>
   </div>
   <div class='ocr_carea' id='block_1_2' title="bbox 765 651 981 715">
    <p class='ocr_par' dir='ltr' id='par_1_2' title="bbox 765 651 981 715">
     <span class='ocr_line' id='line_1_2' title="bbox 765 651 981 715; baseline 0 -1"><span class='ocrx_word' id='word_1_3' title='bbox 765 651 926 715; x_wconf 83' lang='lat' dir='ltr'>CANON</span> <span class='ocrx_word' id='word_1_4' title='bbox 952 651 981 714; x_wconf 85' lang='lat'><strong>1.</strong></span> 
     </span>
    </p>
   </div>
   <div class='ocr_carea' id='block_1_3' title="bbox 341 765 1478 4415">
    <p class='ocr_par' dir='ltr' id='par_1_3' title="bbox 341 765 1478 2482">
     <span class='ocr_line' id='line_1_3' title="bbox 361 765 1397 852; baseline 0.002 -20"><span class='ocrx_word' id='word_1_5' title='bbox 361 781 364 786; x_wconf 74' lang='grc'>“</span> <span class='ocrx_word' id='word_1_6' title='bbox 391 765 428 832; x_wconf 90' lang='grc' dir='ltr'><strong>Ρ.</strong></span> <span class='ocrx_word' id='word_1_7' title='bbox 448 767 518 832; x_wconf 86' lang='lat'>181.</span> <span class='ocrx_word' id='word_1_8' title='bbox 544 768 564 832; x_wconf 90' lang='lat' dir='ltr'><strong>l.</strong></span> <span class='ocrx_word' id='word_1_9' title='bbox 585 788 633 833; x_wconf 90' lang='grc' dir='ltr'>ιο.</span> <span class='ocrx_word' id='word_1_10' title='bbox 664 768 753 833; x_wconf 79' lang='grc' dir='ltr'>αὐτὸν</span> <span class='ocrx_word' id='word_1_11' title='bbox 781 767 1005 852; x_wconf 77' lang='grc' dir='ltr'>μετατίθεσθαι]</span> <span class='ocrx_word' id='word_1_12' title='bbox 1035 766 1184 831; x_wconf 80' lang='lat' dir='ltr'>Posuisse</span> <span class='ocrx_word' id='word_1_13' title='bbox 1213 790 1246 832; x_wconf 87' lang='lat' dir='ltr'><strong>ss</strong></span> <span class='ocrx_word' id='word_1_14' title='bbox 1272 769 1397 834; x_wconf 78' lang='lat' dir='ltr'><strong>monuit</strong></span> 
     </span>
     <span class='ocr_line' id='line_1_4' title="bbox 348 867 1396 955; baseline 0.004 -23"><span class='ocrx_word' id='word_1_15' title='bbox 348 867 537 955; x_wconf 84' lang='lat' dir='ltr'><strong>Beveregius</strong></span> <span class='ocrx_word' id='word_1_16' title='bbox 560 893 599 934; x_wconf 87' lang='lat' dir='ltr'><strong>ex</strong></span> <span class='ocrx_word' id='word_1_17' title='bbox 622 871 712 934; x_wconf 88' lang='lat' dir='ltr'><strong>eodd.</strong></span> <span class='ocrx_word' id='word_1_18' title='bbox 731 869 988 933; x_wconf 86' lang='lat' dir='ltr'><strong>Amerbaehiano</strong></span> <span class='ocrx_word' id='word_1_19' title='bbox 1006 877 1040 933; x_wconf 90' lang='lat' dir='ltr'><strong>et</strong></span> <span class='ocrx_word' id='word_1_20' title='bbox 1058 869 1233 934; x_wconf 84' lang='lat' dir='ltr'><strong>Bodleiano</strong></span> <span class='ocrx_word' id='word_1_21' title='bbox 1254 872 1323 955; x_wconf 84' lang='lat' dir='ltr'><strong>(qni</strong></span> <span class='ocrx_word' id='word_1_22' title='bbox 1344 882 1396 936; x_wconf 84' lang='lat' dir='ltr'><strong>est</strong></span> 
     </span>
     <span class='ocr_line' id='line_1_5' title="bbox 347 972 1395 1058; baseline 0.002 -24"><span class='ocrx_word' id='word_1_23' title='bbox 347 992 478 1036; x_wconf 84' lang='lat' dir='ltr'><strong>numero</strong></span> <span class='ocrx_word' id='word_1_24' title='bbox 495 989 535 1035; x_wconf 81' lang='lat'><strong>20</strong></span> <span class='ocrx_word' id='word_1_25' title='bbox 536 987 567 1058; x_wconf 83' lang='lat'><strong>5.</strong></span> <span class='ocrx_word' id='word_1_26' title='bbox 583 973 784 1057; x_wconf 85' lang='lat' dir='ltr'><strong>designatus)</strong></span> <span class='ocrx_word' id='word_1_27' title='bbox 794 972 972 1056; x_wconf 82' lang='lat' dir='ltr'><strong>desumpta,</strong></span> <span class='ocrx_word' id='word_1_28' title='bbox 986 973 1075 1034; x_wconf 82' lang='grc' dir='ltr'>αὐτοῦ</span> <span class='ocrx_word' id='word_1_29' title='bbox 1088 973 1300 1052; x_wconf 86' lang='grc' dir='ltr'>μετατιθέσθω,</span> <span class='ocrx_word' id='word_1_30' title='bbox 1313 982 1347 1038; x_wconf 85' lang='lat' dir='ltr'><strong>et</strong></span> <span class='ocrx_word' id='word_1_31' title='bbox 1361 973 1395 1036; x_wconf 89' lang='lat' dir='ltr'><strong>in</strong></span> 
     </span>
     <span class='ocr_line' id='line_1_6' title="bbox 347 1071 1395 1159; baseline 0.001 -22"><span class='ocrx_word' id='word_1_32' title='bbox 347 1071 552 1158; x_wconf 84' lang='lat' dir='ltr'><strong>sequentibus</strong></span> <span class='ocrx_word' id='word_1_33' title='bbox 573 1076 739 1153; x_wconf 72' lang='grc' dir='ltr'>ἐξωθείσθω</span> <span class='ocrx_word' id='word_1_34' title='bbox 759 1095 819 1158; x_wconf 88' lang='lat' dir='ltr'><strong>pro</strong></span> <span class='ocrx_word' id='word_1_35' title='bbox 843 1076 1018 1151; x_wconf 79' lang='grc' dir='ltr'>ἐξωθεῖσθαι</span> <span class='ocrx_word' id='word_1_36' title='bbox 1032 1074 1132 1147; x_wconf 79' lang='grc' dir='ltr'>αὐτὸν,</span> <span class='ocrx_word' id='word_1_37' title='bbox 1148 1082 1182 1138; x_wconf 88' lang='lat' dir='ltr'><strong>et</strong></span> <span class='ocrx_word' id='word_1_38' title='bbox 1196 1074 1316 1156; x_wconf 82' lang='grc' dir='ltr'>ἀγέσθω</span> <span class='ocrx_word' id='word_1_39' title='bbox 1337 1097 1395 1159; x_wconf 78' lang='lat' dir='ltr'><strong>pro</strong></span> 
     </span>
     <span class='ocr_line' id='line_1_7' title="bbox 347 1175 1398 1260; baseline 0.002 -22"><span class='ocrx_word' id='word_1_40' title='bbox 347 1177 476 1257; x_wconf 76' lang='grc' dir='ltr'>ἄγεσθαι</span> <span class='ocrx_word' id='word_1_41' title='bbox 501 1177 602 1241; x_wconf 77' lang='grc' dir='ltr'>αὐτόν.</span> <span class='ocrx_word' id='word_1_42' title='bbox 648 1177 695 1240; x_wconf 89' lang='lat' dir='ltr'><strong>At</strong></span> <span class='ocrx_word' id='word_1_43' title='bbox 721 1177 818 1240; x_wconf 85' lang='lat' dir='ltr'><strong>verba</strong></span> <span class='ocrx_word' id='word_1_44' title='bbox 847 1184 986 1260; x_wconf 83' lang='lat' dir='ltr'><strong>recepta,</strong></span> <span class='ocrx_word' id='word_1_45' title='bbox 1013 1175 1135 1260; x_wconf 81' lang='lat' dir='ltr'><strong>iegibus</strong></span> <span class='ocrx_word' id='word_1_46' title='bbox 1163 1185 1197 1241; x_wconf 95' lang='lat' dir='ltr'><strong>et</strong></span> <span class='ocrx_word' id='word_1_47' title='bbox 1222 1178 1398 1241; x_wconf 81' lang='lat' dir='ltr'><strong>canonibus</strong></span> 
     </span>
     <span class='ocr_line' id='line_1_8' title="bbox 345 1276 1392 1359; baseline 0.003 -19"><span class='ocrx_word' id='word_1_48' title='bbox 345 1276 496 1353; x_wconf 76' lang='lat' dir='ltr'>solennia,</span> <span class='ocrx_word' id='word_1_49' title='bbox 510 1276 680 1342; x_wconf 82' lang='lat' dir='ltr'><strong>subaudito</strong></span> <span class='ocrx_word' id='word_1_50' title='bbox 692 1276 840 1340; x_wconf 83' lang='lat' dir='ltr'><strong>nimirum</strong></span> <span class='ocrx_word' id='word_1_51' title='bbox 854 1284 929 1359; x_wconf 84' lang='lat' dir='ltr'><strong>post</strong></span> <span class='ocrx_word' id='word_1_52' title='bbox 941 1277 1069 1340; x_wconf 88' lang='lat' dir='ltr'><strong>modum</strong></span> <span class='ocrx_word' id='word_1_53' title='bbox 1080 1279 1268 1342; x_wconf 81' lang='lat' dir='ltr'><strong>infinitivum</strong></span> <span class='ocrx_word' id='word_1_54' title='bbox 1281 1281 1392 1357; x_wconf 77' lang='grc' dir='ltr'>ἔδοξεν,</span> 
     </span>
     <span class='ocr_line' id='line_1_9' title="bbox 346 1379 1394 1465; baseline -0.001 -22"><span class='ocrx_word' id='word_1_55' title='bbox 346 1380 430 1464; x_wconf 90' lang='lat' dir='ltr'><strong>quod</strong></span> <span class='ocrx_word' id='word_1_56' title='bbox 446 1381 478 1442; x_wconf 93' lang='lat' dir='ltr'><strong>in</strong></span> <span class='ocrx_word' id='word_1_57' title='bbox 495 1379 626 1444; x_wconf 72' lang='lat' dir='ltr'><strong>Consilii</strong></span> <span class='ocrx_word' id='word_1_58' title='bbox 647 1379 888 1444; x_wconf 70' lang='grc' dir='ltr'>Οίαίααιίονειιαὲι</span> <span class='ocrx_word' id='word_1_59' title='bbox 906 1401 1027 1442; x_wconf 75' lang='lat' dir='ltr'><strong>esnone</strong></span> <span class='ocrx_word' id='word_1_60' title='bbox 1047 1380 1195 1443; x_wconf 86' lang='lat' dir='ltr'><strong>vieesimo</strong></span> <span class='ocrx_word' id='word_1_61' title='bbox 1213 1381 1394 1465; x_wconf 86' lang='lat' dir='ltr'><strong>suppletum</strong></span> 
     </span>
     <span class='ocr_line' id='line_1_10' title="bbox 346 1480 1394 1566; baseline 0 -20"><span class='ocrx_word' id='word_1_62' title='bbox 346 1489 405 1558; x_wconf 87' lang='lat' dir='ltr'><strong>est,</strong></span> <span class='ocrx_word' id='word_1_63' title='bbox 425 1489 582 1566; x_wconf 87' lang='lat' dir='ltr'><strong>praestant</strong></span> <span class='ocrx_word' id='word_1_64' title='bbox 602 1503 665 1544; x_wconf 92' lang='lat' dir='ltr'><strong>non</strong></span> <span class='ocrx_word' id='word_1_65' title='bbox 685 1483 780 1544; x_wconf 85' lang='lat' dir='ltr'><strong>mode</strong></span> <span class='ocrx_word' id='word_1_66' title='bbox 799 1488 914 1544; x_wconf 73' lang='lat' dir='ltr'><strong>eatena</strong></span> <span class='ocrx_word' id='word_1_67' title='bbox 935 1480 1139 1543; x_wconf 67' lang='lat' dir='ltr'><strong>conatorem</strong></span> <span class='ocrx_word' id='word_1_68' title='bbox 1159 1481 1325 1559; x_wconf 76' lang='lat' dir='ltr'>editiones,</span> <span class='ocrx_word' id='word_1_69' title='bbox 1340 1503 1394 1566; x_wconf 84' lang='lat' dir='ltr'><strong>pa·</strong></span> 
     </span>
     <span class='ocr_line' id='line_1_11' title="bbox 346 1581 1478 1669; baseline -0.001 -21"><span class='ocrx_word' id='word_1_70' title='bbox 346 1583 426 1648; x_wconf 83' lang='lat' dir='ltr'><strong>riter</strong></span> <span class='ocrx_word' id='word_1_71' title='bbox 440 1592 537 1669; x_wconf 86' lang='lat' dir='ltr'><strong>atque</strong></span> <span class='ocrx_word' id='word_1_72' title='bbox 552 1583 606 1646; x_wconf 84' lang='lat' dir='ltr'><strong>illa</strong></span> <span class='ocrx_word' id='word_1_73' title='bbox 625 1581 797 1655; x_wconf 84' lang='lat' dir='ltr'><strong>Harduini‚</strong></span> <span class='ocrx_word' id='word_1_74' title='bbox 816 1604 911 1666; x_wconf 77' lang='lat' dir='ltr'><strong>quain</strong></span> <span class='ocrx_word' id='word_1_75' title='bbox 930 1583 1055 1667; x_wconf 89' lang='lat' dir='ltr'><strong>quidem</strong></span> <span class='ocrx_word' id='word_1_76' title='bbox 1071 1582 1240 1646; x_wconf 77' lang='lat' dir='ltr'><strong>editionem</strong></span> <span class='ocrx_word' id='word_1_77' title='bbox 1256 1583 1391 1668; x_wconf 86' lang='lat' dir='ltr'><strong>plerum·</strong></span> <span class='ocrx_word' id='word_1_78' title='bbox 1475 1632 1478 1637; x_wconf 78' lang='lat'><em>,</em></span> 
     </span>
     <span class='ocr_line' id='line_1_12' title="bbox 345 1681 1393 1770; baseline 0.004 -22"><span class='ocrx_word' id='word_1_79' title='bbox 345 1707 406 1770; x_wconf 88' lang='lat' dir='ltr'><strong>que</strong></span> <span class='ocrx_word' id='word_1_80' title='bbox 439 1705 563 1769; x_wconf 83' lang='lat' dir='ltr'><strong>sequor,</strong></span> <span class='ocrx_word' id='word_1_81' title='bbox 597 1703 706 1748; x_wconf 86' lang='lat' dir='ltr'><strong>verum</strong></span> <span class='ocrx_word' id='word_1_82' title='bbox 739 1681 836 1747; x_wconf 87' lang='lat' dir='ltr'><strong>etiam</strong></span> <span class='ocrx_word' id='word_1_83' title='bbox 869 1683 966 1747; x_wconf 69' lang='lat' dir='ltr'><strong>doda</strong></span> <span class='ocrx_word' id='word_1_84' title='bbox 996 1685 1152 1748; x_wconf 74' lang='lat' dir='ltr'><strong>Canentem</strong></span> <span class='ocrx_word' id='word_1_85' title='bbox 1182 1685 1393 1763; x_wconf 61' lang='lat' dir='ltr'><strong>meltinas,</strong></span> 
     </span>
     <span class='ocr_line' id='line_1_13' title="bbox 344 1785 1394 1869; baseline 0.001 -19"><span class='ocrx_word' id='word_1_86' title='bbox 344 1787 479 1851; x_wconf 80' lang='lat' dir='ltr'><strong>Joannes</strong></span> <span class='ocrx_word' id='word_1_87' title='bbox 500 1785 640 1852; x_wconf 75' lang='lat' dir='ltr'><strong>Antioed.</strong></span> <span class='ocrx_word' id='word_1_88' title='bbox 662 1785 888 1869; x_wconf 80' lang='lat' dir='ltr'><strong>Bodleianique</strong></span> <span class='ocrx_word' id='word_1_89' title='bbox 908 1807 958 1848; x_wconf 76' lang='grc' dir='ltr'><strong>ιτα</strong></span> <span class='ocrx_word' id='word_1_90' title='bbox 980 1786 1094 1849; x_wconf 87' lang='lat' dir='ltr'><strong>saltem</strong></span> <span class='ocrx_word' id='word_1_91' title='bbox 1116 1787 1228 1850; x_wconf 68' lang='lat' dir='ltr'><strong>codices</strong></span> <span class='ocrx_word' id='word_1_92' title='bbox 1248 1809 1394 1851; x_wconf 81' lang='grc' dir='ltr'>αααοαααι</span> 
     </span>
     <span class='ocr_line' id='line_1_14' title="bbox 345 1887 1394 1972; baseline 0.002 -22"><span class='ocrx_word' id='word_1_93' title='bbox 345 1888 555 1972; x_wconf 50' lang='lat' dir='ltr'><strong>memoranti.</strong></span> <span class='ocrx_word' id='word_1_94' title='bbox 568 1907 641 1950; x_wconf 84' lang='lat' dir='ltr'><strong>nam</strong></span> <span class='ocrx_word' id='word_1_95' title='bbox 657 1887 688 1949; x_wconf 92' lang='lat' dir='ltr'><strong>in</strong></span> <span class='ocrx_word' id='word_1_96' title='bbox 705 1887 802 1950; x_wconf 75' lang='lat' dir='ltr'><strong>codiee</strong></span> <span class='ocrx_word' id='word_1_97' title='bbox 824 1891 892 1969; x_wconf 79' lang='lat'><strong>196.</strong></span> <span class='ocrx_word' id='word_1_98' title='bbox 902 1888 956 1950; x_wconf 85' lang='lat' dir='ltr'><strong>ubi</strong></span> <span class='ocrx_word' id='word_1_99' title='bbox 972 1889 1062 1950; x_wconf 77' lang='grc' dir='ltr'>αὐτοῦ</span> <span class='ocrx_word' id='word_1_100' title='bbox 1073 1897 1174 1964; x_wconf 85' lang='lat' dir='ltr'><strong>extat,</strong></span> <span class='ocrx_word' id='word_1_101' title='bbox 1183 1893 1394 1969; x_wconf 75' lang='grc' dir='ltr'>μετατίθεσθαι</span> 
     </span>
     <span class='ocr_line' id='line_1_15' title="bbox 345 1989 1392 2074; baseline -0.001 -21"><span class='ocrx_word' id='word_1_102' title='bbox 345 1999 453 2054; x_wconf 90' lang='lat' dir='ltr'><strong>tamen</strong></span> <span class='ocrx_word' id='word_1_103' title='bbox 469 1997 635 2053; x_wconf 86' lang='lat' dir='ltr'><strong>exaratum</strong></span> <span class='ocrx_word' id='word_1_104' title='bbox 656 1998 713 2053; x_wconf 88' lang='lat' dir='ltr'><strong>est.</strong></span> <span class='ocrx_word' id='word_1_105' title='bbox 759 1990 908 2074; x_wconf 82' lang='lat' dir='ltr'><strong>Corrigas</strong></span> <span class='ocrx_word' id='word_1_106' title='bbox 928 1990 1055 2053; x_wconf 87' lang='lat' dir='ltr'><strong>interim</strong></span> <span class='ocrx_word' id='word_1_107' title='bbox 1074 2011 1114 2053; x_wconf 78' lang='lat' dir='ltr'><strong>en</strong></span> <span class='ocrx_word' id='word_1_108' title='bbox 1127 1989 1149 2052; x_wconf 85' lang='lat' dir='ltr'>J</span> <span class='ocrx_word' id='word_1_109' title='bbox 1153 1989 1264 2053; x_wconf 86' lang='lat' dir='ltr'><strong>oannis</strong></span> <span class='ocrx_word' id='word_1_110' title='bbox 1278 1990 1392 2053; x_wconf 81' lang='lat' dir='ltr'><strong>Antie-</strong></span> 
     </span>
     <span class='ocr_line' id='line_1_16' title="bbox 346 2089 1394 2176; baseline 0 -22"><span class='ocrx_word' id='word_1_111' title='bbox 346 2089 436 2155; x_wconf 84' lang='lat' dir='ltr'><strong>eheni</strong></span> <span class='ocrx_word' id='word_1_112' title='bbox 460 2091 554 2154; x_wconf 76' lang='lat' dir='ltr'><strong>Msto</strong></span> <span class='ocrx_word' id='word_1_113' title='bbox 577 2089 743 2154; x_wconf 74' lang='lat' dir='ltr'><strong>Bodbaiano</strong></span> <span class='ocrx_word' id='word_1_114' title='bbox 762 2090 878 2154; x_wconf 89' lang='lat' dir='ltr'><strong>librum</strong></span> <span class='ocrx_word' id='word_1_115' title='bbox 899 2091 1031 2165; x_wconf 89' lang='lat' dir='ltr'><strong>editum,</strong></span> <span class='ocrx_word' id='word_1_116' title='bbox 1048 2091 1080 2153; x_wconf 92' lang='lat' dir='ltr'><strong>in</strong></span> <span class='ocrx_word' id='word_1_117' title='bbox 1100 2113 1163 2176; x_wconf 90' lang='lat' dir='ltr'><strong>quo</strong></span> <span class='ocrx_word' id='word_1_118' title='bbox 1184 2092 1394 2155; x_wconf 78' lang='grc' dir='ltr'>κατατίθεσθαι</span> 
     </span>
     <span class='ocr_line' id='line_1_17' title="bbox 344 2192 1395 2278; baseline 0.001 -24"><span class='ocrx_word' id='word_1_119' title='bbox 344 2214 403 2278; x_wconf 83' lang='lat' dir='ltr'><strong>pro</strong></span> <span class='ocrx_word' id='word_1_120' title='bbox 418 2193 626 2272; x_wconf 84' lang='grc' dir='ltr'>μετατίθεσθαι</span> <span class='ocrx_word' id='word_1_121' title='bbox 641 2193 723 2257; x_wconf 87' lang='lat' dir='ltr'><strong>male</strong></span> <span class='ocrx_word' id='word_1_122' title='bbox 737 2195 876 2278; x_wconf 87' lang='lat' dir='ltr'><strong>positum</strong></span> <span class='ocrx_word' id='word_1_123' title='bbox 889 2204 957 2264; x_wconf 86' lang='lat' dir='ltr'><strong>est;</strong></span> <span class='ocrx_word' id='word_1_124' title='bbox 980 2202 1197 2257; x_wconf 78' lang='lat' dir='ltr'>verumtamen</span> <span class='ocrx_word' id='word_1_125' title='bbox 1209 2192 1292 2256; x_wconf 85' lang='lat' dir='ltr'><strong>idem</strong></span> <span class='ocrx_word' id='word_1_126' title='bbox 1304 2215 1395 2256; x_wconf 78' lang='lat' dir='ltr'><strong>error</strong></span> 
     </span>
     <span class='ocr_line' id='line_1_18' title="bbox 344 2293 1395 2381; baseline 0 -23"><span class='ocrx_word' id='word_1_127' title='bbox 344 2295 441 2358; x_wconf 87' lang='lat' dir='ltr'><strong>etiam</strong></span> <span class='ocrx_word' id='word_1_128' title='bbox 457 2293 554 2358; x_wconf 80' lang='lat' dir='ltr'><strong>codici</strong></span> <span class='ocrx_word' id='word_1_129' title='bbox 570 2295 644 2360; x_wconf 71' lang='lat' dir='ltr'><strong>MS.</strong></span> <span class='ocrx_word' id='word_1_130' title='bbox 661 2315 759 2381; x_wconf 85' lang='lat'><strong><em>5571.</em></strong></span> <span class='ocrx_word' id='word_1_131' title='bbox 775 2297 919 2371; x_wconf 83' lang='lat' dir='ltr'><strong>inhaeret,</strong></span> <span class='ocrx_word' id='word_1_132' title='bbox 941 2317 1012 2380; x_wconf 84' lang='lat' dir='ltr'><strong>quae</strong></span> <span class='ocrx_word' id='word_1_133' title='bbox 1032 2295 1159 2378; x_wconf 90' lang='lat' dir='ltr'><strong>quidem</strong></span> <span class='ocrx_word' id='word_1_134' title='bbox 1179 2295 1326 2359; x_wconf 84' lang='lat' dir='ltr'><strong>eolleetio</strong></span> <span class='ocrx_word' id='word_1_135' title='bbox 1341 2317 1395 2358; x_wconf 83' lang='lat' dir='ltr'><strong>ee·</strong></span> 
     </span>
     <span class='ocr_line' id='line_1_19' title="bbox 341 2396 1201 2482; baseline -0.001 -20"><span class='ocrx_word' id='word_1_136' title='bbox 341 2397 460 2462; x_wconf 86' lang='lat' dir='ltr'><strong>nonum</strong></span> <span class='ocrx_word' id='word_1_137' title='bbox 474 2420 587 2462; x_wconf 90' lang='lat' dir='ltr'><strong>manea</strong></span> <span class='ocrx_word' id='word_1_138' title='bbox 601 2407 660 2471; x_wconf 87' lang='lat' dir='ltr'><strong>est,</strong></span> <span class='ocrx_word' id='word_1_139' title='bbox 677 2399 733 2462; x_wconf 89' lang='lat' dir='ltr'><strong>ssd</strong></span> <span class='ocrx_word' id='word_1_140' title='bbox 748 2399 889 2482; x_wconf 88' lang='lat' dir='ltr'><strong>ejusdem</strong></span> <span class='ocrx_word' id='word_1_141' title='bbox 905 2399 1040 2462; x_wconf 74' lang='lat' dir='ltr'><strong>sortasse</strong></span> <span class='ocrx_word' id='word_1_142' title='bbox 1054 2396 1078 2459; x_wconf 86' lang='lat' dir='ltr'>J</span> <span class='ocrx_word' id='word_1_143' title='bbox 1080 2397 1201 2461; x_wconf 86' lang='lat' dir='ltr'><strong>oannis.</strong></span> 
     </span>
    </p>

    <p class='ocr_par' dir='ltr' id='par_1_4' title="bbox 342 2498 1394 4415">
     <span class='ocr_line' id='line_1_20' title="bbox 389 2498 1391 2591; baseline -0.003 -25"><span class='ocrx_word' id='word_1_144' title='bbox 389 2501 471 2566; x_wconf 85' lang='lat' dir='ltr'><strong>Ibid.</strong></span> <span class='ocrx_word' id='word_1_145' title='bbox 487 2501 508 2564; x_wconf 83' lang='lat' dir='ltr'><strong>i.</strong></span> <span class='ocrx_word' id='word_1_146' title='bbox 527 2520 573 2565; x_wconf 78' lang='grc' dir='ltr'><strong>ια.</strong></span> <span class='ocrx_word' id='word_1_147' title='bbox 596 2501 785 2591; x_wconf 78' lang='grc' dir='ltr'>μετάνοιαν]</span> <span class='ocrx_word' id='word_1_148' title='bbox 807 2501 944 2565; x_wconf 87' lang='lat' dir='ltr'><strong>Zonarae</strong></span> <span class='ocrx_word' id='word_1_149' title='bbox 966 2500 1224 2563; x_wconf 68' lang='lat' dir='ltr'><strong>caementarius.-</strong></span> <span class='ocrx_word' id='word_1_150' title='bbox 1246 2498 1322 2563; x_wconf 79' lang='grc' dir='ltr'>Ἐῖιν</span> <span class='ocrx_word' id='word_1_151' title='bbox 1336 2499 1391 2581; x_wconf 81' lang='lat' dir='ltr'><strong>yd-</strong></span> 
     </span>
     <span class='ocr_line' id='line_1_21' title="bbox 344 2603 1393 2689; baseline -0.004 -20"><span class='ocrx_word' id='word_1_152' title='bbox 344 2629 402 2685; x_wconf 81' lang='grc' dir='ltr'><strong>μον</strong></span> <span class='ocrx_word' id='word_1_153' title='bbox 426 2604 549 2684; x_wconf 83' lang='grc' dir='ltr'>νομιμὸν</span> <span class='ocrx_word' id='word_1_154' title='bbox 568 2604 647 2687; x_wconf 81' lang='grc' dir='ltr'>τάχα</span> <span class='ocrx_word' id='word_1_155' title='bbox 667 2607 764 2689; x_wconf 75' lang='grc' dir='ltr'>ἐαυτῷ·</span> <span class='ocrx_word' id='word_1_156' title='bbox 778 2607 982 2684; x_wconf 65' lang='grc' dir='ltr'>πρεσβύτερος</span> <span class='ocrx_word' id='word_1_157' title='bbox 1000 2603 1185 2682; x_wconf 75' lang='grc' dir='ltr'>συναλλάξῃ,</span> <span class='ocrx_word' id='word_1_158' title='bbox 1205 2606 1393 2683; x_wconf 78' lang='grc' dir='ltr'>μετατίθεται</span> 
     </span>
     <span class='ocr_line' id='line_1_22' title="bbox 344 2706 1391 2786; baseline -0.007 -13"><span class='ocrx_word' id='word_1_159' title='bbox 344 2712 395 2786; x_wconf 80' lang='grc' dir='ltr'><strong>τῆς</strong></span> <span class='ocrx_word' id='word_1_160' title='bbox 417 2708 526 2785; x_wconf 78' lang='grc' dir='ltr'>τάξεως</span> <span class='ocrx_word' id='word_1_161' title='bbox 549 2706 646 2783; x_wconf 77' lang='grc' dir='ltr'>αὐτοῦ,</span> <span class='ocrx_word' id='word_1_162' title='bbox 663 2708 729 2769; x_wconf 82' lang='grc' dir='ltr'>ἀντὶ</span> <span class='ocrx_word' id='word_1_163' title='bbox 747 2712 810 2779; x_wconf 85' lang='grc' dir='ltr'>τοῦ,</span> <span class='ocrx_word' id='word_1_164' title='bbox 835 2706 1017 2784; x_wconf 77' lang='grc' dir='ltr'>ἐκβάλλεται</span> <span class='ocrx_word' id='word_1_165' title='bbox 1034 2708 1085 2781; x_wconf 82' lang='grc' dir='ltr'><strong>τῆς</strong></span> <span class='ocrx_word' id='word_1_166' title='bbox 1100 2706 1272 2784; x_wconf 63' lang='lat' dir='ltr'><strong>inponim-</strong></span> <span class='ocrx_word' id='word_1_167' title='bbox 1290 2708 1391 2767; x_wconf 85' lang='grc' dir='ltr'>καθαι-</span> 
     </span>
     <span class='ocr_line' id='line_1_23' title="bbox 342 2802 1392 2887; baseline -0.001 -18"><span class='ocrx_word' id='word_1_168' title='bbox 342 2812 437 2887; x_wconf 81' lang='grc' dir='ltr'>μεῖται</span> <span class='ocrx_word' id='word_1_169' title='bbox 451 2805 519 2887; x_wconf 79' lang='grc' dir='ltr'><strong><em>γάρ.</em></strong></span> <span class='ocrx_word' id='word_1_170' title='bbox 544 2807 598 2867; x_wconf 76' lang='grc' dir='ltr'><strong>ἐὰν</strong></span> <span class='ocrx_word' id='word_1_171' title='bbox 613 2807 645 2867; x_wconf 81' lang='grc' dir='ltr'>δέ</span> <span class='ocrx_word' id='word_1_172' title='bbox 660 2806 809 2885; x_wconf 78' lang='grc' dir='ltr'>πορνεύσῃ</span> <span class='ocrx_word' id='word_1_173' title='bbox 824 2802 843 2882; x_wconf 80' lang='grc' dir='ltr'>ἢ</span> <span class='ocrx_word' id='word_1_174' title='bbox 856 2802 1012 2885; x_wconf 76' lang='grc' dir='ltr'>μοιχεύσῃ,</span> <span class='ocrx_word' id='word_1_175' title='bbox 1028 2808 1150 2873; x_wconf 76' lang='grc' dir='ltr'>τελείως</span> <span class='ocrx_word' id='word_1_176' title='bbox 1171 2804 1325 2884; x_wconf 74' lang='grc' dir='ltr'>ἐξωθεῖται</span> <span class='ocrx_word' id='word_1_177' title='bbox 1340 2809 1392 2883; x_wconf 74' lang='grc' dir='ltr'><strong>τῆς</strong></span> 
     </span>
     <span class='ocr_line' id='line_1_24' title="bbox 345 2906 1390 2988; baseline -0.002 -18"><span class='ocrx_word' id='word_1_178' title='bbox 345 2908 512 2985; x_wconf 81' lang='grc' dir='ltr'>ἐκκλησίας,</span> <span class='ocrx_word' id='word_1_179' title='bbox 527 2906 574 2968; x_wconf 85' lang='grc' dir='ltr'><strong>καὶ</strong></span> <span class='ocrx_word' id='word_1_180' title='bbox 585 2908 628 2971; x_wconf 85' lang='grc' dir='ltr'>είς</span> <span class='ocrx_word' id='word_1_181' title='bbox 636 2908 860 2984; x_wconf 81' lang='grc' dir='ltr'>μετανοούντων</span> <span class='ocrx_word' id='word_1_182' title='bbox 870 2908 973 2987; x_wconf 81' lang='grc' dir='ltr'>ἄγεται</span> <span class='ocrx_word' id='word_1_183' title='bbox 982 2908 1085 2982; x_wconf 87' lang='grc' dir='ltr'>τόπον,</span> <span class='ocrx_word' id='word_1_184' title='bbox 1098 2907 1175 2970; x_wconf 80' lang='grc' dir='ltr'>ὥστε</span> <span class='ocrx_word' id='word_1_185' title='bbox 1184 2907 1390 2988; x_wconf 83' lang='grc' dir='ltr'>προσκλοίειν,</span> 
     </span>
     <span class='ocr_line' id='line_1_25' title="bbox 344 3009 1391 3091; baseline -0.002 -20"><span class='ocrx_word' id='word_1_186' title='bbox 344 3010 392 3072; x_wconf 78' lang='grc' dir='ltr'><strong>καὶ</strong></span> <span class='ocrx_word' id='word_1_187' title='bbox 407 3010 582 3088; x_wconf 72' lang='grc' dir='ltr'>ἀκροᾶσθαι,</span> <span class='ocrx_word' id='word_1_188' title='bbox 599 3009 647 3070; x_wconf 78' lang='grc' dir='ltr'><strong>καὶ</strong></span> <span class='ocrx_word' id='word_1_189' title='bbox 666 3010 702 3069; x_wconf 76' lang='grc' dir='ltr'><strong>τὰ</strong></span> <span class='ocrx_word' id='word_1_190' title='bbox 722 3010 814 3070; x_wconf 73' lang='grc' dir='ltr'>λοιπὰ</span> <span class='ocrx_word' id='word_1_191' title='bbox 834 3009 1034 3087; x_wconf 77' lang='grc' dir='ltr'>ἀναπληροῦν.</span> <span class='ocrx_word' id='word_1_192' title='bbox 1081 3009 1178 3071; x_wconf 81' lang='lat' dir='ltr'><strong>Hune</strong></span> <span class='ocrx_word' id='word_1_193' title='bbox 1193 3030 1267 3071; x_wconf 85' lang='lat' dir='ltr'><strong>vero</strong></span> <span class='ocrx_word' id='word_1_194' title='bbox 1284 3016 1391 3091; x_wconf 80' lang='lat' dir='ltr'><strong>poste·</strong></span> 
     </span>
     <span class='ocr_line' id='line_1_26' title="bbox 343 3107 1391 3174; baseline -0.002 -2"><span class='ocrx_word' id='word_1_195' title='bbox 343 3109 458 3172; x_wconf 84' lang='lat' dir='ltr'><strong>riorem</strong></span> <span class='ocrx_word' id='word_1_196' title='bbox 484 3108 525 3171; x_wconf 91' lang='lat' dir='ltr'><strong>ad</strong></span> <span class='ocrx_word' id='word_1_197' title='bbox 548 3107 660 3171; x_wconf 81' lang='lat' dir='ltr'><strong>lainam</strong></span> <span class='ocrx_word' id='word_1_198' title='bbox 683 3108 936 3170; x_wconf 79' lang='lat' dir='ltr'><strong>communionem</strong></span> <span class='ocrx_word' id='word_1_199' title='bbox 960 3109 1088 3174; x_wconf 77' lang='lat' dir='ltr'><strong>admitti</strong></span> <span class='ocrx_word' id='word_1_200' title='bbox 1113 3132 1134 3172; x_wconf 90' lang='lat' dir='ltr'><strong>a</strong></span> <span class='ocrx_word' id='word_1_201' title='bbox 1158 3110 1189 3171; x_wconf 92' lang='lat' dir='ltr'><strong>S.</strong></span> <span class='ocrx_word' id='word_1_202' title='bbox 1212 3108 1337 3172; x_wconf 73' lang='lat' dir='ltr'><strong>Basilio.</strong></span> <span class='ocrx_word' id='word_1_203' title='bbox 1356 3108 1391 3170; x_wconf 88' lang='lat' dir='ltr'><strong>in</strong></span> 
     </span>
     <span class='ocr_line' id='line_1_27' title="bbox 344 3208 1389 3294; baseline -0.005 -19"><span class='ocrx_word' id='word_1_204' title='bbox 344 3212 475 3275; x_wconf 90' lang='lat' dir='ltr'><strong>Canone</strong></span> <span class='ocrx_word' id='word_1_205' title='bbox 499 3208 658 3273; x_wconf 89' lang='lat' dir='ltr'>XXXII.</span> <span class='ocrx_word' id='word_1_206' title='bbox 684 3216 719 3271; x_wconf 89' lang='lat' dir='ltr'><strong>et</strong></span> <span class='ocrx_word' id='word_1_207' title='bbox 739 3230 760 3271; x_wconf 90' lang='lat' dir='ltr'><strong>a</strong></span> <span class='ocrx_word' id='word_1_208' title='bbox 782 3208 1037 3293; x_wconf 79' lang='lat' dir='ltr'><strong>Carthaginiensi</strong></span> <span class='ocrx_word' id='word_1_209' title='bbox 1059 3210 1194 3294; x_wconf 79' lang='lat' dir='ltr'><strong>Syneda</strong></span> <span class='ocrx_word' id='word_1_210' title='bbox 1208 3210 1239 3272; x_wconf 90' lang='lat' dir='ltr'><strong>in</strong></span> <span class='ocrx_word' id='word_1_211' title='bbox 1260 3208 1389 3273; x_wconf 79' lang='lat' dir='ltr'><strong>Oenone</strong></span> 
     </span>
     <span class='ocr_line' id='line_1_28' title="bbox 342 3308 1392 3375; baseline 0.002 -2"><span class='ocrx_word' id='word_1_212' title='bbox 342 3309 497 3373; x_wconf 86' lang='lat' dir='ltr'>XXVII.</span> <span class='ocrx_word' id='word_1_213' title='bbox 514 3308 605 3373; x_wconf 85' lang='lat' dir='ltr'><strong>sddit</strong></span> <span class='ocrx_word' id='word_1_214' title='bbox 619 3308 772 3373; x_wconf 84' lang='lat' dir='ltr'><strong>Zonaras.</strong></span> <span class='ocrx_word' id='word_1_215' title='bbox 813 3311 1042 3375; x_wconf 82' lang='lat' dir='ltr'><strong>Similiahabet</strong></span> <span class='ocrx_word' id='word_1_216' title='bbox 1056 3311 1214 3375; x_wconf 81' lang='lat' dir='ltr'><strong>Balsama.</strong></span> <span class='ocrx_word' id='word_1_217' title='bbox 1245 3311 1392 3375; x_wconf 77' lang='lat' dir='ltr'><strong>Aristoni</strong></span> 
     </span>
     <span class='ocr_line' id='line_1_29' title="bbox 342 3410 1390 3494; baseline 0.007 -20"><span class='ocrx_word' id='word_1_218' title='bbox 342 3412 411 3476; x_wconf 79' lang='lat' dir='ltr'><strong>haee</strong></span> <span class='ocrx_word' id='word_1_219' title='bbox 426 3420 519 3484; x_wconf 88' lang='lat' dir='ltr'><strong>sunt;</strong></span> <span class='ocrx_word' id='word_1_220' title='bbox 545 3410 584 3474; x_wconf 72' lang='grc' dir='ltr'>Ὀ</span> <span class='ocrx_word' id='word_1_221' title='bbox 597 3417 724 3493; x_wconf 76' lang='grc' dir='ltr'>γυναῖκα</span> <span class='ocrx_word' id='word_1_222' title='bbox 737 3414 845 3491; x_wconf 77' lang='grc' dir='ltr'>λαβὼν</span> <span class='ocrx_word' id='word_1_223' title='bbox 859 3415 1074 3493; x_wconf 67' lang='grc' dir='ltr'>πρεσβύτερος,</span> <span class='ocrx_word' id='word_1_224' title='bbox 1087 3418 1138 3492; x_wconf 82' lang='grc' dir='ltr'><strong>τῆς</strong></span> <span class='ocrx_word' id='word_1_225' title='bbox 1153 3416 1210 3493; x_wconf 86' lang='grc' dir='ltr'><strong>μέν</strong></span> <span class='ocrx_word' id='word_1_226' title='bbox 1228 3416 1390 3494; x_wconf 72' lang='grc' dir='ltr'>ἱερωσύνης</span> 
     </span>
     <span class='ocr_line' id='line_1_30' title="bbox 342 3514 1389 3598; baseline 0.003 -22"><span class='ocrx_word' id='word_1_227' title='bbox 342 3518 549 3593; x_wconf 82' lang='grc' dir='ltr'>μετακινεῖται·</span> <span class='ocrx_word' id='word_1_228' title='bbox 571 3516 622 3589; x_wconf 78' lang='grc' dir='ltr'><strong>τῆς</strong></span> <span class='ocrx_word' id='word_1_229' title='bbox 636 3514 669 3575; x_wconf 81' lang='grc' dir='ltr'>δέ</span> <span class='ocrx_word' id='word_1_230' title='bbox 688 3516 770 3591; x_wconf 84' lang='grc' dir='ltr'>τιμῆς</span> <span class='ocrx_word' id='word_1_231' title='bbox 792 3515 840 3576; x_wconf 74' lang='grc' dir='ltr'><strong>καὶ</strong></span> <span class='ocrx_word' id='word_1_232' title='bbox 860 3517 910 3592; x_wconf 78' lang='grc' dir='ltr'><strong>τῆς</strong></span> <span class='ocrx_word' id='word_1_233' title='bbox 929 3514 1073 3595; x_wconf 74' lang='grc' dir='ltr'>καθέδρας</span> <span class='ocrx_word' id='word_1_234' title='bbox 1085 3518 1213 3598; x_wconf 62' lang='grc' dir='ltr'>μετέχει</span> <span class='ocrx_word' id='word_1_235' title='bbox 1236 3518 1301 3579; x_wconf 72' lang='grc' dir='ltr'><strong>ὁδὶ</strong></span> <span class='ocrx_word' id='word_1_236' title='bbox 1316 3540 1389 3597; x_wconf 84' lang='grc' dir='ltr'>πορ-</span> 
     </span>
     <span class='ocr_line' id='line_1_31' title="bbox 343 3613 1391 3698; baseline 0.001 -19"><span class='ocrx_word' id='word_1_237' title='bbox 343 3616 460 3687; x_wconf 75' lang='grc' dir='ltr'>νεύσας,</span> <span class='ocrx_word' id='word_1_238' title='bbox 481 3613 499 3692; x_wconf 80' lang='grc' dir='ltr'><strong><em>ἣ</em></strong></span> <span class='ocrx_word' id='word_1_239' title='bbox 518 3616 690 3697; x_wconf 79' lang='grc' dir='ltr'>μοιχεύσας,</span> <span class='ocrx_word' id='word_1_240' title='bbox 707 3616 825 3679; x_wconf 87' lang='grc' dir='ltr'>τέλειον</span> <span class='ocrx_word' id='word_1_241' title='bbox 844 3619 1006 3694; x_wconf 73' lang='grc' dir='ltr'>ἐξωθεῖται,</span> <span class='ocrx_word' id='word_1_242' title='bbox 1022 3618 1070 3679; x_wconf 81' lang='grc' dir='ltr'><strong>καὶ</strong></span> <span class='ocrx_word' id='word_1_243' title='bbox 1088 3619 1131 3683; x_wconf 79' lang='grc' dir='ltr'>είς</span> <span class='ocrx_word' id='word_1_244' title='bbox 1146 3617 1307 3696; x_wconf 81' lang='grc' dir='ltr'>μετάνοιαν</span> <span class='ocrx_word' id='word_1_245' title='bbox 1321 3620 1391 3698; x_wconf 75' lang='grc' dir='ltr'>ἄγε·</span> 
     </span>
     <span class='ocr_line' id='line_1_32' title="bbox 342 3716 1390 3803; baseline 0.003 -24"><span class='ocrx_word' id='word_1_246' title='bbox 342 3741 401 3781; x_wconf 87' lang='grc' dir='ltr'>ται.</span> <span class='ocrx_word' id='word_1_247' title='bbox 445 3716 660 3780; x_wconf 83' lang='lat' dir='ltr'><strong>Diaeonorum</strong></span> <span class='ocrx_word' id='word_1_248' title='bbox 682 3740 808 3801; x_wconf 85' lang='lat' dir='ltr'><strong>quoqne</strong></span> <span class='ocrx_word' id='word_1_249' title='bbox 830 3720 899 3803; x_wconf 88' lang='lat' dir='ltr'><strong>jam</strong></span> <span class='ocrx_word' id='word_1_250' title='bbox 920 3720 1137 3783; x_wconf 78' lang='lat' dir='ltr'><strong>ordinatarum</strong></span> <span class='ocrx_word' id='word_1_251' title='bbox 1164 3719 1302 3803; x_wconf 89' lang='lat' dir='ltr'><strong>nuptias,</strong></span> <span class='ocrx_word' id='word_1_252' title='bbox 1329 3720 1390 3788; x_wconf 84' lang='lat' dir='ltr'><strong>nisi</strong></span> 
     </span>
     <span class='ocr_line' id='line_1_33' title="bbox 342 3817 1392 3904; baseline 0.003 -23"><span class='ocrx_word' id='word_1_253' title='bbox 342 3840 381 3882; x_wconf 86' lang='lat' dir='ltr'><strong>ea</strong></span> <span class='ocrx_word' id='word_1_254' title='bbox 405 3818 445 3881; x_wconf 84' lang='lat' dir='ltr'><strong>de</strong></span> <span class='ocrx_word' id='word_1_255' title='bbox 468 3840 503 3881; x_wconf 85' lang='lat' dir='ltr'><strong>re</strong></span> <span class='ocrx_word' id='word_1_256' title='bbox 522 3817 724 3881; x_wconf 80' lang='lat' dir='ltr'><strong>diaconatum</strong></span> <span class='ocrx_word' id='word_1_257' title='bbox 748 3820 925 3904; x_wconf 77' lang='lat' dir='ltr'><strong>suscepturi</strong></span> <span class='ocrx_word' id='word_1_258' title='bbox 949 3820 1115 3894; x_wconf 66' lang='lat' dir='ltr'><strong>emissent,</strong></span> <span class='ocrx_word' id='word_1_259' title='bbox 1140 3822 1337 3885; x_wconf 82' lang='lat' dir='ltr'><strong>damnabant</strong></span> <span class='ocrx_word' id='word_1_260' title='bbox 1360 3823 1392 3884; x_wconf 85' lang='grc' dir='ltr'>σί</span> 
     </span>
     <span class='ocr_line' id='line_1_34' title="bbox 343 3918 1391 4008; baseline 0.005 -26"><span class='ocrx_word' id='word_1_261' title='bbox 343 3918 506 4003; x_wconf 81' lang='grc' dir='ltr'>σθγχρονοι</span> <span class='ocrx_word' id='word_1_262' title='bbox 521 3919 685 4005; x_wconf 83' lang='lat' dir='ltr'><strong>Aneyrani</strong></span> <span class='ocrx_word' id='word_1_263' title='bbox 700 3921 733 3983; x_wconf 93' lang='lat' dir='ltr'><strong>in</strong></span> <span class='ocrx_word' id='word_1_264' title='bbox 748 3922 877 3985; x_wconf 81' lang='lat' dir='ltr'><strong>Oenone</strong></span> <span class='ocrx_word' id='word_1_265' title='bbox 892 3920 937 3985; x_wconf 90' lang='lat' dir='ltr'><strong>X.</strong></span> <span class='ocrx_word' id='word_1_266' title='bbox 982 3922 1073 3999; x_wconf 84' lang='lat' dir='ltr'><strong>Tam,</strong></span> <span class='ocrx_word' id='word_1_267' title='bbox 1095 3921 1248 4008; x_wconf 80' lang='lat' dir='ltr'><strong>quidquid</strong></span> <span class='ocrx_word' id='word_1_268' title='bbox 1268 3924 1391 3987; x_wconf 80' lang='lat' dir='ltr'><strong>interea</strong></span> 
     </span>
     <span class='ocr_line' id='line_1_35' title="bbox 343 4021 1391 4106; baseline 0.005 -23"><span class='ocrx_word' id='word_1_269' title='bbox 343 4021 384 4085; x_wconf 88' lang='lat' dir='ltr'><strong>de</strong></span> <span class='ocrx_word' id='word_1_270' title='bbox 407 4022 526 4106; x_wconf 81' lang='lat' dir='ltr'><strong>origine</strong></span> <span class='ocrx_word' id='word_1_271' title='bbox 548 4031 644 4105; x_wconf 85' lang='lat' dir='ltr'><strong>atque</strong></span> <span class='ocrx_word' id='word_1_272' title='bbox 663 4022 804 4087; x_wconf 66' lang='lat' dir='ltr'><strong>utilitate</strong></span> <span class='ocrx_word' id='word_1_273' title='bbox 827 4023 994 4088; x_wconf 81' lang='lat' dir='ltr'><strong>eoelibatns</strong></span> <span class='ocrx_word' id='word_1_274' title='bbox 1013 4025 1165 4090; x_wconf 81' lang='lat' dir='ltr'><strong>clericalis</strong></span> <span class='ocrx_word' id='word_1_275' title='bbox 1183 4027 1391 4091; x_wconf 74' lang='lat' dir='ltr'><strong>statuendum</strong></span> 
     </span>
     <span class='ocr_line' id='line_1_36' title="bbox 343 4120 1390 4211; baseline 0.006 -26"><span class='ocrx_word' id='word_1_276' title='bbox 343 4132 402 4197; x_wconf 79' lang='lat' dir='ltr'><strong>est,</strong></span> <span class='ocrx_word' id='word_1_277' title='bbox 424 4141 517 4205; x_wconf 88' lang='lat' dir='ltr'><strong>quem</strong></span> <span class='ocrx_word' id='word_1_278' title='bbox 540 4120 675 4204; x_wconf 77' lang='lat' dir='ltr'><strong>quidem,</strong></span> <span class='ocrx_word' id='word_1_279' title='bbox 699 4134 811 4187; x_wconf 82' lang='lat' dir='ltr'><strong>auctor</strong></span> <span class='ocrx_word' id='word_1_280' title='bbox 833 4134 884 4189; x_wconf 86' lang='lat' dir='ltr'><strong>est</strong></span> <span class='ocrx_word' id='word_1_281' title='bbox 905 4125 1041 4202; x_wconf 68' lang='lat' dir='ltr'><strong>Plestina,</strong></span> <span class='ocrx_word' id='word_1_282' title='bbox 1066 4127 1200 4191; x_wconf 88' lang='lat' dir='ltr'><strong>liberum</strong></span> <span class='ocrx_word' id='word_1_283' title='bbox 1225 4152 1247 4191; x_wconf 87' lang='lat' dir='ltr'><strong>a</strong></span> <span class='ocrx_word' id='word_1_284' title='bbox 1268 4127 1390 4211; x_wconf 79' lang='lat' dir='ltr'><strong>legibus</strong></span> 
     </span>
     <span class='ocr_line' id='line_1_37' title="bbox 343 4222 1391 4310; baseline 0.006 -23"><span class='ocrx_word' id='word_1_285' title='bbox 343 4244 412 4287; x_wconf 87' lang='lat' dir='ltr'><strong>esse</strong></span> <span class='ocrx_word' id='word_1_286' title='bbox 426 4222 542 4286; x_wconf 87' lang='lat' dir='ltr'><strong>debere</strong></span> <span class='ocrx_word' id='word_1_287' title='bbox 550 4222 718 4307; x_wconf 81' lang='lat' dir='ltr'><strong>judicabat</strong></span> <span class='ocrx_word' id='word_1_288' title='bbox 732 4226 830 4290; x_wconf 87' lang='lat' dir='ltr'><strong>etiam</strong></span> <span class='ocrx_word' id='word_1_289' title='bbox 844 4228 987 4310; x_wconf 81' lang='lat' dir='ltr'><strong>pontifex</strong></span> <span class='ocrx_word' id='word_1_290' title='bbox 993 4228 1162 4294; x_wconf 86' lang='lat' dir='ltr'><strong>Romanus</strong></span> <span class='ocrx_word' id='word_1_291' title='bbox 1171 4229 1250 4293; x_wconf 90' lang='lat' dir='ltr'><strong>Pius</strong></span> <span class='ocrx_word' id='word_1_292' title='bbox 1261 4231 1309 4295; x_wconf 84' lang='lat'><strong>11.</strong></span> <span class='ocrx_word' id='word_1_293' title='bbox 1325 4230 1391 4293; x_wconf 87' lang='lat' dir='ltr'><strong>eui-</strong></span> 
     </span>
     <span class='ocr_line' id='line_1_38' title="bbox 343 4324 1394 4415; baseline 0.01 -30"><span class='ocrx_word' id='word_1_294' title='bbox 343 4345 416 4407; x_wconf 88' lang='lat' dir='ltr'><strong>que,</strong></span> <span class='ocrx_word' id='word_1_295' title='bbox 431 4324 464 4386; x_wconf 89' lang='lat' dir='ltr'><strong>ni</strong></span> <span class='ocrx_word' id='word_1_296' title='bbox 486 4324 589 4401; x_wconf 79' lang='lat' dir='ltr'><strong>fallor,</strong></span> <span class='ocrx_word' id='word_1_297' title='bbox 605 4326 767 4391; x_wconf 78' lang='lat' dir='ltr'><strong>oonstabit</strong></span> <span class='ocrx_word' id='word_1_298' title='bbox 789 4340 930 4392; x_wconf 72' lang='lat' dir='ltr'><strong>veterum</strong></span> <span class='ocrx_word' id='word_1_299' title='bbox 945 4330 1065 4414; x_wconf 86' lang='lat' dir='ltr'><strong>seripta</strong></span> <span class='ocrx_word' id='word_1_300' title='bbox 1086 4330 1222 4415; x_wconf 74' lang='lat' dir='ltr'><strong>legenti3</strong></span> <span class='ocrx_word' id='word_1_301' title='bbox 1247 4331 1394 4415; x_wconf 74' lang='lat' dir='ltr'><strong>quamvis</strong></span> 
     </span>
    </p>
   </div>
   <div class='ocr_carea' id='block_1_4' title="bbox 0 0 1626 5150">
    <p class='ocr_par' dir='ltr' id='par_1_5' title="bbox 0 0 1626 5150">
     <span class='ocr_line' id='line_1_39' title="bbox 0 0 1626 5150; baseline 0 2"><span class='ocrx_word' id='word_1_302' title='bbox 0 0 1626 5150; x_wconf 95' lang='lat' dir='ltr'><strong> </strong></span> 
     </span>
    </p>
   </div>
  </div>
 </body>
</html>
