3242 5150
495 1503 830 1588 CONCILIUM
861 1503 1254 1586 ARELATENSE
1286 1505 1322 1585 I.

397 1733 443 1788 IN
466 1731 690 1789 CAECILIANI
713 1729 1090 1789 CARTHAGINIENSiS
1113 1729 1162 1786 ΕΤ
1183 1728 1427 1788 DONATISTA-

600 1835 689 1892 RUM
713 1835 847 1892 CAUSA
868 1833 1012 1892 ITIDEM
1035 1834 1232 1892 HABITUM.

575 2060 616 2098 An
638 2058 805 2098 finitionum
828 2060 1028 2101 conoitlonuni
1052 2060 1249 2100 HARDUINAM.

783 2259 1053 2300 *ψυ-

577 2427 673 2512 [Gon.
689 2427 819 2506 (inune,
836 2427 921 2491 Hic.
937 2427 1001 2490 Lit.
1018 2427 1077 2492 voi.
1090 2427 1111 2492 i.
1127 2449 1158 2511 p.
1167 2443 1241 2511 350.

389 2517 665 2616 CONOILIUM
677 2547 867 2612 Arelatenee
881 2547 907 2610 Ι.
922 2545 1121 2613 Constantini
1133 2545 1182 2612 M.
1192 2547 1286 2632 jussu
1296 2546 1329 2611 in
1340 2569 1437 2613 cauea

387 2651 557 2728 (iaeciliani,
582 2672 667 2715 anno
690 2670 766 2736 314.
796 2651 1001 2715 celebratum.
1051 2650 1272 2715 Intersuerunt
1297 2650 1435 2735 episcopi

388 2772 460 2817 200.
507 2753 713 2833 Quorundam
738 2753 868 2816 nomina
893 2753 947 2816 sed
974 2752 1124 2816 mendose
1146 2753 1317 2818 admodum
1341 2754 1437 2818 hodie

385 2855 565 2939 subscripta
590 2854 801 2939 reperiuntur,
825 2877 846 2916 a
872 2853 985 2938 quibus
1011 2854 1173 2919 Caeciliani
1198 2876 1295 2919 cauea
1319 2855 1436 2919 iterum

385 2956 571 3032 absolvitur,
596 2964 630 3020 et
655 2956 837 3019 innocentia
857 2954 1056 3029 vindicatum
1092 2976 1228 3021 canones
1245 2974 1295 3019 22.
1318 2956 1360 3021 ad
1386 2978 1435 3021 eo-

386 3057 488 3122 oleeiae
514 3078 618 3120 morea
643 3063 677 3120 et
706 3057 904 3141 disciplinam
933 3065 1127 3143 spectantes,
1157 3057 1437 3121 conduntur.—

386 3158 570 3224 Anelatenei
580 3157 653 3221 huic
664 3158 785 3240 synodo
795 3158 974 3223 intererant
984 3159 1082 3224 etiam
1092 3180 1133 3222 cx
1146 3156 1313 3221 Britannia
1324 3166 1436 3222 nostra

385 3260 523 3347 episcopi
548 3268 626 3336 trec,
652 3259 789 3323 Eboriua
815 3260 980 3345 episcopus
1007 3259 1227 3335 Eboracansie,
1253 3259 1435 3324 Restitutue

387 3360 609 3438 Londineneie‚
627 3360 803 3445 Adelphiua
825 3363 865 3425 dc
882 3362 1011 3427 civitate
1027 3361 1158 3427 Oolcnia
1174 3360 1434 3438 londinensium,

388 3464 529 3550 [Colonia
544 3463 655 3540 horidi,
666 3469 743 3528 haud
758 3470 846 3529 dubie
860 3492 913 3551 pro
930 3463 1054 3528 Colonia
1069 3462 1179 3539 Lindi,
1195 3468 1328 3527 Linooln.
1346 3462 1434 3527 Galo.

385 3572 511 3630 adducto
533 3572 692 3651 Anonymo
716 3568 911 3650 Ravennate]
937 3588 1001 3629 una
1024 3588 1096 3630 cum
1119 3564 1285 3628 sacerdote
1304 3564 1435 3649 presby-

384 3678 465 3744 tero,
492 3676 525 3733 et
554 3668 702 3733 Arminio
731 3667 877 3745 diacono,
903 3690 1037 3752 quorum
1063 3666 1311 3751 subscriptiones
1340 3666 1434 3731 hodie

384 3772 672 3854 deprehenduntur.
719 3770 799 3835 Vide
821 3792 892 3855 quae
914 3770 1012 3836 habet
1033 3771 1191 3856 Spelman.
1214 3768 1333 3834 Concil.
1352 3767 1433 3835 Brit.

383 3883 462 3936 tom.
475 3873 494 3935 i.
512 3895 541 3957 p.
552 3894 605 3959 39.
621 3874 675 3936 ubi
690 3882 724 3937 et
738 3873 833 3958 hujus
848 3874 978 3939 Oonciiii
995 3876 1143 3939 Capones
1157 3872 1296 3959 reperire
1310 3871 1407 3957 iicet]
