3242 5150
731 845 998 928 INDEX

478 1063 681 1122 LIBRORUM
701 1059 1251 1125 MANusculsrosun,0M1ss15

736 1180 1001 1245 EDI'I'lONlBUS,

370 1370 432 1405 CUM
451 1368 556 1407 eumue
575 1367 754 1403 rucuma
771 1365 833 1400 ΠΕΟ
850 1364 950 1404 ATQUE
966 1364 1110 1400 oruscuta
1126 1366 1255 1403 cotum
1272 1369 1357 1405 SUNT.

731 1537 1000 1578 ...φ-

342 1689 565 1775 Arsrcsru
580 1714 766 1794 apstolum
780 1714 949 1792 Origenem,
962 1714 1062 1773 codex
1080 1713 1149 1771 ms.
1162 1713 1192 1769 tn
1207 1711 1393 1771 Bibliotheca

426 1796 584 1856 Bodleiana
598 1806 737 1854 servatus.

343 1903 506 1921 ---
670 1874 1033 1932 --=--coa.
1044 1873 1113 1932 us,
1125 1872 1248 1951 aaran
1260 1873 1315 1931 ss.
1326 1873 1393 1930 mr.

424 1956 525 2015 nitetis
539 1955 743 2033 Cantabrigim.

590 2068 702 2080 ---·
720 2035 757 2094 sd
771 2035 943 2103 Aristidem,
958 2035 1030 2094 Cod.
1045 2035 1114 2093 MS.
1129 2033 1205 2092 Bibl.
1220 2033 1342 2092 coislin.

345 2115 377 2174 S.
391 2115 552 2193 Augustini
566 2115 646 2174 Libri
661 2115 698 2174 de
713 2116 876 2195 Baptismo,
892 2117 961 2173 Duo
975 2136 1064 2194 penes
1078 2135 1125 2172 me
1138 2114 1326 2172 membranei.

344 2196 495 2254 Canonum
512 2194 708 2254 Conciliorum
724 2195 850 2276 Ancyrra
864 2207 894 2255 et
908 2197 1115 2262 Neocaesarea,
1130 2206 1160 2254 et
1178 2193 1390 2252 canonicarum

425 2277 547 2334 Petrum
562 2273 774 2354 Epistolarnm,
784 2276 908 2335 Codices
922 2275 1031 2356 Scripti
1046 2296 1149 2335 novem
1165 2275 1195 2332 in
1207 2273 1391 2333 Bibliotheca

426 2355 586 2414 Bodleiana
600 2357 716 2415 servati.

345 2436 455 2494 catena
488 2436 609 2495 Patrum
638 2437 669 2494 iu
698 2435 753 2496 SS.
781 2439 871 2496 Matt.
897 2437 986 2495 Lucre
1014 2436 1195 2514 Joaunisque
1220 2433 1392 2512 Evangelia,

425 2516 525 2576 Codex
541 2516 610 2575 MS.
628 2517 872 2577 vindobonensis.

345 2597 468 2657 Codices
490 2598 583 2657 MSS.
604 2610 663 2658 tres
682 2599 713 2656 in
731 2599 914 2658 Bibliotheca
935 2597 1080 2657 Vaticana
1097 2598 1213 2664 servati,
1236 2597 1267 2654 in
1286 2598 1394 2675 quibus

426 2677 534 2738 Melito
548 2678 678 2737 affertur.

345 2757 468 2818 Codices
492 2759 584 2817 MSS.
611 2758 801 2817 Bibliothecae
829 2759 981 2818 Vaticanae
1006 2757 1074 2826 duo,
1098 2769 1129 2817 et
1157 2756 1392 2816 Vindobonensis

426 2859 513 2905 unus,
525 2839 555 2896 in
569 2840 676 2915 quibus
691 2838 860 2915 Polycrates
873 2839 1002 2897 affertur.

346 2918 376 2977 S.
392 2919 532 2997 Cypriani
556 2919 707 2997 Epistolae,
735 2919 859 2979 Codices
882 2918 941 2976 duo
966 2939 1055 2998 penes
1080 2920 1198 2976 Novum
1228 2916 1390 2995 Collegium

427 2999 546 3059 Oxonii.
581 2999 624 3056 Iit
638 3010 697 3058 tres
707 3000 774 3058 mei.

347 3077 468 3136 Eusebii
484 3079 688 3137 Ecclesiastico
704 3078 846 3146 Historia,
862 3078 931 3136 MS.
945 3080 1110 3137 Savilianus
1123 3080 1153 3137 iu
1170 3078 1248 3136 Bibl.
1265 3076 1351 3135 Bodl.

347 3186 847 3205 ---------
860 3159 928 3217 MS.
940 3159 1154 3218 Norfolciensis
1167 3178 1261 3237 nuper
1270 3158 1302 3214 in
1313 3156 1393 3215 AErli-

427 3238 482 3295 bus
496 3239 772 3307 Somersetensibus;
793 3239 917 3297 nuncin
932 3240 1039 3298 Museo
1054 3238 1225 3297 Britannico
1238 3248 1378 3297 servatus.

345 3342 467 3365 ———
482 3316 660 3394 Euangeliou
682 3316 871 3396 Praeparatio‚
893 3319 994 3377 Codex
1016 3319 1085 3377 MS.
1105 3318 1229 3397 Collegii
1254 3320 1283 3376 S.
1305 3316 1391 3374 Joan.

432 3397 477 3455 Ba
498 3398 574 3455 sista
588 3398 684 3455 Oxon.

351 3510 463 3523 -—-
513 3477 662 3555 vangelica
683 3477 913 3547 Demonstratio,
935 3479 1009 3537 cod.
1031 3479 1103 3541 MS.
1121 3478 1310 3537 Bibliotheca
1331 3478 1392 3535 Im·

428 3557 545 3636 perialis
559 3557 805 3617 vindobonensis.

348 3634 509 3717 Hegesippi
530 3637 711 3717 Excerptum
729 3638 798 3697 MS.
814 3640 844 3696 in
863 3639 1004 3698 Biblioth.
1020 3639 1106 3698 Bodl.
1122 3658 1245 3697 numero
1265 3656 1329 3712 ¹42·
1349 3640 1393 3695 in-

428 3718 577 3795 signitum.

347 3796 379 3855 S.
391 3797 565 3875 Hieronymi
580 3798 668 3857 Liber
683 3799 730 3857 De
746 3798 827 3858 Viris
841 3798 1021 3860 illustribus.
1050 3800 1152 3859 Codex
1165 3799 1234 3857 MS.
1249 3819 1340 3858 meus

348 3876 477 3934 Humilis
491 3877 538 3936 De
553 3880 582 3935 S.
594 3878 698 3936 Maria
713 3878 888 3947 Nativitate,
903 3878 949 3937 vel
962 3879 1048 3938 Joan.
1065 3880 1256 3949 Damasceno‚
1271 3878 1315 3937 vel
1329 3878 1395 3936 An-

431 3956 507 4015 dreae
521 3957 663 4025 Cretensi,
674 3958 721 4017 vel
735 3960 883 4018 Germano
898 3959 959 4018 CP.
974 3960 1131 4038 adscripta,
1146 3961 1177 4018 in
1193 3959 1271 4018 Bibl.
1286 3958 1372 4017 Bodl.

349 4039 377 4095 S.
393 4036 515 4096 Macarii
537 4037 648 4095 Cateua
669 4039 700 4096 in
722 4042 750 4097 S.
768 4039 954 4107 Mattheum,
977 4040 1051 4099 Cod.
1073 4040 1141 4100 MS.
1164 4039 1295 4131 ejusdem
1316 4038 1394 4098 Bibl.

347 4198 380 4255 N
381 4117 494 4257 ioetBaeod
478 4119 678 4277 Metropolitae
693 4198 897 4260 Heracleensis
910 4200 1029 4259 Catenoe
1042 4200 1072 4258 in
1088 4199 1147 4259 Job
1162 4200 1286 4259 Codices
1300 4198 1395 4257 MSS.

427 4278 556 4355 quinque
570 4279 600 4336 in
615 4279 715 4338 eadem
731 4278 915 4340 Bibliotheca
928 4282 1044 4340 servati.
1075 4282 1115 4338 Et
1130 4300 1207 4339 nnus
1220 4300 1313 4348 meus,
1324 4279 1395 4337 olim

429 4358 695 4417 Meermsnnianus.
