3242 5150
396 401 462 464 288
548 397 708 461 GESTA
732 396 1066 462 PURGATIONIS
1091 397 1291 463 FELICIS.

396 576 460 646 est,
473 576 512 634 ut
532 567 756 644 sacrificarent,
778 573 838 632 aut
860 589 1063 652 quascunque
1085 569 1260 655 scripturas
1281 570 1445 650 habereut,

396 678 543 744 incendio
566 678 744 753 traderent,
774 677 877 753 Felix,
903 677 957 763 qui
986 683 1063 742 tuuc
1092 677 1260 764 episcopus
1289 679 1350 744 fuit
1378 681 1447 744 Au-

396 798 526 855 tumuos
550 787 739 875 (Aptuugia
770 787 976 852 minema
997 793 1118 872 muryo)
1142 809 1329 854 eonsensum
1350 791 1445 856 adtu-

396 899 480 964 lerat
500 906 539 964 ut
560 899 601 963 de
623 920 721 963 manu
744 898 867 964 Galatii
892 898 1060 985 scripturae
1079 899 1293 974 traderentur,
1321 909 1358 966 ut
1380 901 1446 987 igni

396 1010 591 1076 concremari
620 1017 771 1096 possent:
803 1015 839 1074 et
863 1015 935 1074 erat
960 1016 1037 1074 tuuc
1059 1009 1214 1096 temporis
1239 1011 1447 1096 magistratus

399 1120 505 1184 Allius
526 1119 726 1196 Caedimus,
747 1141 841 1204 quem
866 1127 1056 1206 praesentem
1076 1119 1183 1186 videre
1206 1121 1355 1208 dignaris.
1402 1122 1447 1187 Et

397 1231 548 1315 quoniam
565 1229 634 1316 ejus
655 1229 809 1315 temporis
824 1229 960 1293 officium
975 1228 1179 1294 incumbebat
1194 1239 1231 1295 ut
1246 1253 1285 1294 ex
1306 1231 1448 1317 jussione

399 1339 615 1428 proconsulari
631 1360 742 1404 omues
762 1339 988 1415 sacrificarent,
1005 1345 1038 1403 et
1060 1339 1086 1402 si
1102 1361 1181 1424 quas
1202 1341 1378 1427 scripturas
1391 1343 1448 1406 ha·

398 1451 521 1526 beraut
538 1450 690 1514 offerrent
702 1449 874 1513 secuudum
889 1469 1012 1512 sacram
1027 1447 1140 1534 legem,
1152 1471 1259 1534 quaeso
1274 1453 1447 1516 secundum

397 1582 472 1626 seua
485 1570 537 1626 est
553 1565 607 1641 (ite
621 1569 691 1627 MS.
705 1561 862 1626 secundus
876 1581 973 1624 senex
988 1567 1049 1636 est,
1064 1563 1145 1622 nullo
1158 1583 1245 1622 aenan
1259 1563 1353 1624 edidit
1366 1567 1447 1622 Mas-

397 1699 500 1745 sonus,
513 1678 653 1755 ιΒαΙιι.)
666 1680 701 1737 et
712 1693 819 1736 senem
840 1671 937 1746 vides,
953 1678 988 1735 et
1002 1692 1065 1734 uon
1080 1675 1188 1754 potest
1202 1668 1245 1732 ad
1260 1669 1449 1734 comitatum

397 1803 524 1846 sacrum
547 1803 687 1866 pergere,
703 1782 790 1866 apud
809 1788 886 1845 acta
908 1781 1048 1865 deponat
1068 1787 1216 1843 utrumne
1232 1779 1300 1864 jam
1315 1780 1355 1843 de
1375 1801 1449 1864 pac-

398 1893 486 1957 tione
502 1893 701 1957 hsecundum
711 1892 875 1956 abeodem
891 1890 1004 1956 habita
1013 1890 1138 1955 litteras
1149 1889 1282 1966 dederit,
1295 1899 1330 1954 et
1340 1899 1450 1956 utrum

397 2025 438 2068 ea
452 2025 523 2087 quae
542 2002 576 2066 in
594 2002 712 2067 litteris
731 2001 913 2078 contulerit,
928 2023 1000 2066 vera
1015 2002 1100 2074 sint:
1125 2007 1162 2065 ut
1176 1999 1290 2064 horum
1309 2009 1403 2066 actus
1417 2011 1451 2066 et

397 2111 478 2175 fides
499 2111 532 2174 in
550 2111 670 2194 judicio
692 2132 783 2174 sacro
798 2110 905 2193 detegi
928 2109 1055 2196 ipossit.
1102 2109 1255 2174 Adstauti
1278 2111 1451 2175 Caeciliauo

398 2221 564 2306 Speretius
577 2219 724 2284 duumvir
737 2218 837 2285 dixit:
863 2219 967 2283 Audis
983 2241 1054 2304 quae
1073 2220 1161 2301 apud
1179 2227 1254 2284 aeta
1274 2220 1339 2284 siut
1354 2221 1451 2306 depo·

396 2330 481 2395 sital
505 2329 609 2394 Alfius
627 2329 814 2395 (lucilianus
833 2328 932 2392 dixit:
956 2329 1065 2394 Zamae
1087 2351 1175 2393 eram
1196 2337 1329 2416 propter
1349 2331 1451 2396 lineas

397 2439 630 2524 comparandas
643 2459 715 2503 cum
730 2437 913 2502 Saturnino.
959 2438 1004 2503 Et
1019 2461 1090 2502 curn
1105 2439 1282 2503 veniremus
1298 2439 1361 2516 illo,
1376 2441 1451 2506 mit·

397 2559 473 2616 tunt
501 2550 543 2615 ad
573 2573 624 2615 me
652 2548 712 2614 ¹‘in
740 2547 892 2634 praetorio
921 2549 981 2634 ipsi
1011 2547 1186 2614 Christiani
1220 2557 1257 2615 ut
1286 2549 1449 2616 dicerent:

398 2663 531 2726 Sacrum
555 2668 750 2747 praeceptum
771 2660 815 2724 ad
836 2676 871 2724 te
892 2660 1055 2744 pervenit!
1079 2660 1149 2745 Ego
1171 2661 1256 2725 dixi:
1285 2661 1369 2737 Non,
1393 2663 1450 2728 sed

378 2764 462 2835 'vidi
481 2773 549 2858 jaro
564 2772 719 2858 exempla.
764 2770 810 2836 Et
825 2770 941 2836 1Ζιιιιιιι
961 2779 995 2835 et
1010 2770 1127 2835 Furuis
1147 2772 1228 2835 dirui
1250 2772 1397 2837 basilidas
1417 2783 1451 2839 ot

397 2882 448 2943 uri
462 2881 636 2965 scripturas
650 2881 724 2945 vidi.
769 2880 885 2966 Itaque
904 2881 1044 2965 proferte
1062 2882 1088 2945 si
1104 2902 1184 2966 quas
1199 2881 1373 2967 scripturas
1394 2884 1450 2948 ha·

398 2990 494 3065 betis,
506 2997 545 3054 ut
554 2990 689 3073 jussioni
703 3014 804 3056 sacrae
818 3000 980 3077 pareatur.
1019 2993 1108 3056 Tune
1124 2992 1257 3056 mittunt
1271 2992 1303 3055 in
1320 2992 1450 3057 domum

398 3099 534 3184 episcopi
550 3100 675 3178 Felicis,
692 3113 728 3166 ut
742 3101 893 3168 tollerent
914 3103 989 3167 inde
1010 3102 1196 3187 scripturas,
1210 3112 1248 3167 ut
1267 3103 1356 3166 exuri
1379 3124 1451 3188 pos-

398 3216 470 3273 sent
486 3210 658 3274 secundum
672 3233 797 3276 sacrum
813 3220 1019 3299 praeceptum.
1058 3213 1110 3276 Sic
1124 3211 1270 3277 Galatiae
1286 3212 1449 3276 nobiscum

398 3321 540 3405 perrexit
553 3321 596 3385 ad
610 3322 714 3387 locum
729 3324 782 3388 ubi
799 3324 960 3389 orationes
978 3324 1137 3388 celebrare
1152 3322 1294 3387 consueti
1310 3323 1448 3388 luerent.

400 3431 480 3494 Inde
494 3432 680 3498 cathedram
700 3434 831 3499 tulimus
846 3444 880 3499 et
900 3434 1053 3521 epistolas
1074 3432 1291 3509 salutatorias,
1311 3440 1346 3497 et
1365 3431 1450 3496 ostia

395 3542 504 3605 omnia
525 3543 693 3608 combusta
714 3556 791 3608 sunt
813 3546 986 3609 seeundum
1007 3566 1132 3608 monim
1153 3550 1357 3628 praeceptum.
1406 3542 1449 3607 Et

395 3673 468 3715 eum
482 3654 524 3716 ad
540 3654 666 3717 domum
682 3654 824 3738 ejusdem
836 3654 950 3719 Felicis
962 3652 1101 3737 episcopi
1115 3652 1325 3728 mitteremus,
1335 3672 1448 3715 renuu-

395 3761 558 3827 tiaverunt
583 3762 732 3827 officiales
758 3764 875 3849 publici
898 3763 986 3827 illum
1013 3764 1177 3827 absentum
1204 3784 1283 3825 osse.
1328 3761 1447 3826 mNam

394 3892 468 3934 cum
478 3871 644 3955 posteriori
655 3880 799 3958 tempore
808 3873 974 3938 adveniret
986 3872 1154 3957 Ingentius
1164 3872 1270 3936 scriba
1282 3871 1447 3957 Augendi,

394 4002 468 4046 cum
482 4001 546 4065 quo
564 3980 751 4046 aedilitatem
772 3982 1002 4057 administravi,
1019 3981 1136 4047 dictavi
1158 3980 1326 4065 epistolam
1345 3982 1446 4045 eidem

428 4132 518 4199 s(for.
532 4134 664 4182 mnndum
676 4136 739 4195 quod
751 4149 824 4183 senex
835 4132 894 4198 ast)
1054 4132 1069 4171 h
1081 4132 1145 4194 (scr.
1158 4146 1239 4179 serum
1250 4132 1382 4191 abeodem,
1393 4130 1446 4179 Ιιο.

394 4216 481 4276 Felice,
493 4217 654 4279 Μίνωι).
670 4215 738 4281 ι9ι.)
840 4216 925 4279 ¹(scr.
939 4214 1050 4277 possint.)
1163 4212 1253 4277 ¹¹(sor.
1264 4214 1295 4261 de
1307 4211 1445 4273 precatorio.

399 4295 793 4443 recuperationem:
900 4292 1098 4360 naneae)
1208 4292 1445 4355 misenum

392 4382 500 4428 mutand.
