3242 5150
498 382 530 444 S.
554 379 742 444 PETRUS
766 378 915 442 ALEX.
1188 380 1231 446 89

182 560 355 664 ἀδελφῶν
372 551 396 653 ἢ
415 553 557 648 τέκνων,
576 552 702 632 οῦδένα
720 547 821 631 οῦδὲν
842 549 1100 647 καταβλάπτει.
1126 551 1232 651 ’ίσμεν

182 691 254 796 γὰρ
266 695 325 772 καὶ
343 693 386 770 δι’
399 681 526 794 ἕπε’ρων
539 689 664 768 πίστιν
674 685 955 772 &nominando
972 722 1070 771 τινας
1087 692 1151 785 τῆς
1168 697 1233 768 τοῦ

183 831 282 906 Θεοῦ
300 820 532 926 ἁγοθότητος,
551 823 611 903 ε’πί
630 854 669 903 τε
694 820 823 928 ἀφέσει
842 823 1024 924 ἁμαρτιῶν
1048 826 1107 902 καὶ
1133 824 1234 930 ῦγείρ

183 959 366 1060 σώματος,
390 961 448 1038 καὶ
472 954 671 1038 ἀναστάσει
700 963 845 1060 νεκρῶν.
874 956 1088 1057 μεμνημένοι
1115 959 1234 1038 τοίνυν

159 1102 258 1181 ςτῶν
270 1100 423 1175 πολλῶν
437 1092 554 1172 αῦτῶν
565 1089 733 1190 καμάτων
753 1088 804 1170 ὧν
816 1090 1091 1194 προὶυιήνεγκαν
1104 1095 1142 1172 ἐν
1155 1092 1235 1174 ὀνό-

183 1264 272 1330 ματι
290 1234 466 1331 Χριστοῦ,
484 1230 543 1308 καὶ
560 1233 634 1306 τῶν
651 1233 898 1325 ταλανισμῶν,
913 1229 955 1306 οῦ
967 1226 1039 1327 μὴν
1057 1227 1157 1307 ἀλλὰ
1175 1232 1233 1308 καὶ

184 1359 436 1466 μεταγνόντων
450 1362 636 1442 αὐτῶνκαὶ
646 1361 920 1463 ἀποδυρομένων
930 1361 972 1442 ri)
984 1364 1236 1466 πεπραγμένον

185 1498 308 1583 αὐτοῖς·
332 1494 424 1576 κατὰ
447 1496 647 1599 προδοσίαν
671 1496 710 1574 ἐν
737 1496 861 1601 ἀτονία
883 1499 942 1575 καὶ
968 1495 1149 1598 νεκρότητι
1172 1507 1237 1578 τοῦ

186 1633 369 1733 σώματος,
388 1632 438 1711 ἔτι
459 1665 497 1711 τε
522 1634 582 1710 καὶ
609 1630 931 1733 μεμαρτυρημένων
960 1627 1238 1734 [εὐπολιτεῦτων

143 1805 178 1844 ιο
188 1766 391 1868 γενομένων
400 1788 457 1847 for.
470 1781 586 1842 dolend.
600 1782 659 1841 vid.
675 1769 795 1878 notam]
809 1766 847 1845 ἐν
862 1769 914 1874 τῷ
926 1765 996 1872 βίῳ
1008 1766 1136 1862 αὐτῶν,
1149 1799 1237 1845 συν-

187 1900 368 2006 ευχόμεθα
386 1903 445 1979 καὶ
463 1909 818 2004 συμπαρακαλοῦμεν
836 1897 923 2002 ὑπὲρ
942 1905 1102 1999 ἱλασμοῦ
1120 1902 1238 1981 αὐτῶν

162 2131 166 2138 ¹
185 2033 283 2133 μετὰ
305 2039 377 2112 τῶν
397 2032 523 2114 ἄλλων
541 2032 768 2134 καθηκόντων
786 2031 846 2111 διὰ
860 2041 925 2112 τοῦ
942 2034 1133 2134 γενομένου
1152 2033 1239 2138 ὑπὲρ

186 2169 292 2269 ἡμῶν
308 2166 543 2270 παρσκλήτου
559 2166 651 2271 πρὸς
666 2165 732 2247 τὸν
748 2165 895 2269 πατέρα,
910 2166 1149 2266 ίλασκομένου
1162 2177 1240 2252 ταῖς

187 2303 379 2406 ἁμαρτίαις·
395 2303 506 2402 ἡμῶν.
570 2305 665 2382 ’Καὶ
683 2300 744 2381 ἐάν
761 2335 816 2385 τις
837 2301 920 2405 γὰρ,
943 2304 1068 2408 φησὶν,
1088 2301 1239 2408 ἁμάρτῃ,

146 2475 178 2534 ¹5
188 2435 424 2540 πορὼελτγτον
437 2436 564 2541 ἔχομεν
576 2435 667 2540 πρὸς
684 2435 749 2517 τὸν
765 2436 903 2537 πατέρα
915 2436 1060 2534 Ἰησοῦν
1075 2436 1240 2540 Χριστὸν

189 2573 339 2670 δίκαιον,
356 2574 415 2652 καὶ
435 2568 540 2655 αὐτὸς
559 2566 716 2671 ἱλασμός
734 2573 835 2651 ἐστιν
854 2565 941 2672 ὑπὲρ
964 2576 1037 2648 τῶν
1060 2570 1241 2673 ἁμαρτιῶν

190 2708 305 2806 ἡμῖν’
577 2822 762 2898 rinnon
792 2821 843 2896 ω

245 2958 338 3035 Τοῖς
355 2948 426 3053 γὰρ
444 2950 596 3055 ἀργύρια
614 2951 786 3033 δεδωκόσι
803 2948 894 3055 πρὸς
915 2949 959 3030 τὸ
983 2948 1242 3055 ἀνενοχλίρουε

146 3120 246 3188 20iam
282 3128 407 3199 propter
444 3118 567 3177 aliorum
607 3120 693 3179 fidem
744 3140 860 3180 oremus
873 3132 905 3179 et
923 3119 1103 3199 postulemus
1121 3140 1174 3198 pro
1192 3140 1241 3179 eo·

190 3200 336 3279 quosdam
365 3218 427 3259 esse
452 3200 510 3257 Dei
535 3201 693 3259 bonitatem
744 3220 809 3259 rum
848 3200 1091 3269 reconciliatione,
1129 3199 1243 3277 aliaque

191 3292 352 3349 assecutor,
364 3290 393 3338 et
407 3279 437 3337 in
448 3292 632 3358 pocoatorum
647 3301 694 3340 re·
745 3301 810 3359 quan
821 3290 1102 3358 oongnraonnt,per
1115 3300 1181 3338 enm
1232 3279 1243 3337 ι’

190 3360 343 3425 missione,
364 3370 395 3419 et
414 3360 542 3438 eorporis
560 3361 693 3429 sanitate,
746 3368 791 3419 est
809 3361 889 3419 nobis
910 3360 1065 3419 advocatur
1082 3360 1161 3437 apud
1180 3301 1241 3417 liri·

191 3451 221 3499 et
251 3452 440 3499 mortuorum
473 3441 694 3500 resurrectione.
745 3450 826 3505 trem,
849 3440 1023 3519 propitiator
1044 3460 1098 3517 pro
1116 3439 1243 3518 peccatis

149 3521 347 3605 25Memorea
364 3520 462 3597 itaque
476 3520 635 3579 multorum
653 3521 696 3579 la·
746 3520 861 3579 nostrin
898 3520 976 3577 Nam
991 3520 1129 3599 etsipua's
1140 3540 1239 3597 pecco-

192 3602 305 3671 borum,
318 3612 351 3660 et
365 3599 542 3658 miseriarum
557 3620 629 3679 quaa
642 3622 696 3681 pro
745 3600 827 3667 verit,
847 3600 953 3678 inquit,
971 3600 1138 3658 advocatam
1157 3599 1242 3658 lrabe-

194 3681 304 3739 Christi
328 3678 448 3739 nomine
472 3680 694 3749 sustinuerunt3
746 3682 896 3759 muropud
905 3678 1134 3745 Ponendum
1143 3678 1244 3738 Chris-

194 3780 258 3819 oum
276 3761 333 3841 ipsi
345 3759 434 3819 otiam
448 3761 633 3839 resipuerint,
645 3762 694 3823 de·
746 3770 804 3820 turn
815 3764 941 3839 justum,
959 3770 985 3819 et
1004 3759 1066 3837 ipre
1085 3768 1127 3818 ert
1145 3758 1242 3836 propi·

195 3839 343 3918 fleantquo
358 3839 437 3917 quod
451 3861 468 3898 a
482 3860 512 3899 ae
526 3842 636 3900 factum
651 3854 696 3903 est
746 3841 828 3901 tiatio
837 3863 891 3920 pro
899 3840 1026 3919 peccatis
1037 3838 1151 3899 nostris.

151 3945 187 4001 30
196 3939 247 3998 per
271 3918 488 3998 deceptionem,
513 3922 545 3978 in
570 3923 697 4000 corporis

197 4000 354 4059 afflictione
396 4010 428 4059 et
465 4001 696 4069 mortificatione,
875 3984 1027 4043 CANON
1048 3982 1124 4041 XH-

198 4100 262 4137 oum
283 4091 315 4139 et
337 4101 369 4139 se
389 4090 530 4158 praterea
552 4091 698 4141 testentur
789 4082 830 4141 lio
841 4080 918 4140 enim
931 4080 981 4156 qui
992 4078 1144 4158 pecuniam
1157 4076 1245 4135 dede·

199 4159 228 4216 in
252 4160 312 4219 vita
338 4160 453 4219 civilem
478 4181 593 4220 omnem
619 4162 698 4239 abje-
748 4174 827 4230 runt,
839 4172 873 4220 ut
892 4161 929 4219 ab
942 4158 1036 4217 omnis
1052 4156 1247 4236 improbitatis

200 4239 270 4299 cisse
289 4240 588 4300 administrationem:
610 4241 698 4300 simul
748 4241 881 4301 molestia
899 4238 980 4298 omni
993 4258 1031 4298 ex
1045 4249 1127 4316 porte
1141 4236 1245 4295 remoti

607 4372 620 4401 τ
635 4376 643 4409 r
659 4360 731 4412 Joan.
745 4360 770 4409 ii.
787 4375 840 4421 r,r.
