3242 5150
398 410 673 477 CONCILIUM
698 405 1022 475 ARELATENSE
1047 411 1075 475 1.
1196 405 1260 476 dli

214 575 286 645 dem
313 583 502 666 specialiter,
528 578 653 670 gaudeo
679 578 763 668 quod
787 580 918 648 tandem
947 573 1060 647 habite
1083 581 1261 668 justissime

213 689 451 776 dijudicatione,
473 713 530 758 eos
553 694 596 759 ad
620 693 783 758 meliorem
809 713 898 779 spem
923 693 1147 778 fortunamque
1172 711 1261 756 revo-

214 801 322 879 castis,
346 821 425 888 quos
446 803 629 890 malignitas
649 797 767 867 dieboll
788 799 957 868 videbatur
978 823 998 868 a
1020 801 1261 889 proeolavissima

214 910 284 976 lnoe
311 912 390 998 legis
417 914 583 979 eatholieae
610 935 669 978 sna
697 914 901 999 persuasione
928 915 1089 980 avertisse.
1135 913 1164 977 0
1190 933 1264 976 vere

215 1021 328 1088 vietrix
348 1026 548 1110 providentis
563 1025 680 1091 Christi
702 1025 897 1090 Salvatorisl
923 1034 959 1090 ut
974 1025 1069 1090 etiam
1086 1025 1136 1088 his
1149 1045 1261 1089 oonru·

216 1133 307 1211 leret,
324 1136 376 1219 qui
392 1135 461 1221 jam
476 1134 687 1203 desoisoentes
700 1157 721 1199 a
740 1136 885 1212 veritate,
902 1132 1135 1220 quodammodo
1149 1137 1263 1200 edver-

217 1265 271 1309 sus
285 1245 387 1330 ipsam
401 1267 492 1310 arma
507 1245 710 1309 ¹induoontes
723 1239 874 1329 gentibus
889 1265 924 1308 se
936 1247 1171 1331 copulaverant.
1202 1243 1265 1321 Qui

216 1351 243 1415 si
265 1352 314 1418 rel
335 1375 419 1418 nuno
441 1377 516 1419 reru
536 1353 600 1418 lide
621 1355 778 1418 voluerint
800 1354 952 1438 obsequia
974 1352 1180 1418 sanstissimae
1203 1352 1265 1436 legi

216 1459 352 1538 deferre,
381 1460 556 1548 intelligere
582 1469 743 1547 poterunt,
767 1470 921 1546 quantum
945 1460 1005 1526 sibi
1030 1471 1109 1526 nutu
1135 1461 1198 1525 Dei
1223 1461 1266 1524 sit

217 1571 387 1654 provisum.
433 1573 478 1637 Et
499 1573 560 1636 hoo
581 1572 719 1660 quidem,
740 1571 929 1636 sanctissimi
949 1571 1078 1648 iratres,
1099 1572 1266 1657 sperabam

218 1680 317 1745 etiam
339 1682 373 1746 in
393 1681 448 1758 eis,
471 1682 586 1766 quibus
607 1683 750 1767 ingenite
769 1690 822 1746 est
839 1684 980 1747 maxima
1002 1681 1136 1746 durities
1159 1677 1266 1760 animi,

219 1810 312 1876 pomo
327 1787 543 1876 ¹‘reprehendi
589 1787 653 1856 Sed
674 1809 737 1856 non
759 1789 879 1878 profuit
899 1794 985 1877 apud
1006 1815 1061 1857 eos
1080 1801 1169 1858 reeta
1187 1793 1269 1878 diju-

219 1903 348 1977 dieetio,
366 1923 469 1989 neque
488 1904 521 1968 in
541 1923 650 1969 eornm
670 1925 780 1968 sensus
800 1905 944 1990 ingresse
958 1911 1008 1970 est
1029 1904 1178 1969 divinitas
1197 1926 1269 1990 pro·

219 2013 310 2098 pitia.
355 2014 404 2077 Re
423 2035 500 2079 vera
516 2013 601 2078 enim
623 2035 686 2076 non
701 2013 860 2077 immerito
881 2015 923 2077 ab
946 2013 996 2076 his
1017 2013 1126 2098 ρτοσυ]
1146 2015 1269 2078 absees-

219 2122 298 2188 serit
322 2122 445 2189 Christi
471 2122 648 2200 clementie,
670 2123 704 2186 in
730 2122 844 2207 quibus
870 2122 1039 2186 manifesta
1064 2122 1134 2187 luee
1159 2123 1271 2199 oleret,

220 2234 399 2320 hujusmodi
421 2255 501 2312 esse,
521 2246 558 2300 ut
580 2255 643 2324 eos
656 2233 752 2298 etism
773 2255 794 2296 a
816 2233 933 2298 oselesti
956 2233 1135 2318 provisione
1158 2255 1271 2298 exosos

220 2365 396 2409 demamus.
431 2345 553 2424 Quaein
564 2345 650 2429 ipsos
663 2344 720 2424 (ol.
732 2343 824 2428 ipsis)
836 2351 929 2408 tanto
940 2341 1067 2408 vesanis
1078 2352 1270 2428 perseverat,

221 2475 293 2519 eum
314 2453 488 2520 incredibili
513 2455 698 2540 arrogantia
717 2453 932 2539 persuadeant
952 2455 1022 2529 sibi,
1039 2475 1110 2539 ques
1132 2475 1190 2518 neo
1211 2455 1272 2518 dioi

222 2567 279 2630 no'o
293 2564 398 2629 audiri
417 2565 466 2631 las
480 2568 549 2630 esti
571 2565 782 2630 desoisoentes
795 2586 817 2628 a
834 2571 923 2629 reoto
940 2563 1060 2648 judioio
1079 2564 1167 2641 dato,
1183 2564 1273 2649 *quo

222 2674 340 2739 oaelesti
361 2674 549 2760 provisione,
565 2696 668 2737 meum
688 2674 844 2759 Judioium
864 2695 918 2737 eos
938 2675 1076 2759 oomperi
1100 2675 1270 2761 postulare.

224 2786 303 2865 Quum
322 2783 369 2848 vis
388 2782 596 2869 malignitatis
614 2784 648 2847 in
667 2784 851 2847 eorumdem
870 2784 1051 2865 posteribus
1071 2788 1274 2867 perseverat?

224 2895 357 2973 Quoties
370 2916 391 2959 a
405 2914 457 2958 me
473 2894 542 2980 jam
557 2894 626 2978 ipso
644 2894 887 2979 improbissimis
904 2894 1099 2960 aditionibus
1119 2896 1183 2959 suis
1197 2906 1272 2961 sunt

222 3005 379 3090 eondigns
404 3005 609 3091 responsione
632 3001 797 3090 oppressit
833 3006 886 3091 qui
917 3006 1027 3090 utique
1056 3006 1083 3069 si
1112 3005 1172 3068 hoe
1197 3017 1274 3071 ante

222 3112 331 3182 oeulos
349 3117 467 3181 habere
492 3115 677 3193 voluissent,
702 3115 831 3179 minime
857 3115 918 3180 hoo
941 3117 1044 3201 ipsum
1069 3116 1273 3201 interposuis-

222 3237 305 3293 sent.
353 3228 463 3291 Meum
473 3226 627 3312 judioium
647 3224 821 3309 postulant,
838 3226 890 3311 qui
906 3226 974 3313 ipso
985 3226 1139 3311 judicium
1151 3225 1272 3291 Christi

222 3346 381 3423 exspecto.
427 3336 508 3400 Dieo
533 3336 618 3399 enim
644 3344 681 3400 ut
706 3358 741 3400 se
769 3336 888 3401 veritas
917 3336 1035 3401 habet:
1071 3338 1272 3402 ssoerdotum

221 3446 376 3532 judicium
401 3446 450 3509 ita
474 3445 571 3509 debet
596 3444 719 3521 haberi,
742 3466 781 3509 ao
806 3445 833 3507 si
860 3446 927 3529 ipse
954 3444 1110 3509 Dominus
1133 3446 1277 3510 residens

219 3555 350 3639 judioet.
396 3554 481 3619 Nihil
497 3551 581 3618 enim
602 3553 677 3617 lieet
698 3549 748 3616 his
767 3553 855 3616 aliud
873 3553 1000 3631 sentire,
1017 3554 1065 3618 vel
1086 3553 1171 3618 aliud
1191 3555 1275 3639 judi-

222 3688 307 3744 oare,
321 3664 380 3729 nisi
396 3664 480 3750 quod
496 3662 616 3729 (lhristi
631 3662 818 3747 magisterio
832 3673 907 3726 sunt
918 3662 1031 3727 edooti.
1078 3664 1161 3745 Quid
1176 3664 1275 3751 igitur

222 3774 364 3840 sentiunt
386 3774 514 3860 maligni
536 3772 690 3849 homines,
706 3773 809 3837 offioia
832 3778 885 3858 (ut
906 3796 978 3837 vere
997 3772 1112 3857 ¹dixit)
1136 3775 1277 3840 diabolil

223 3886 417 3972 Perquirunt
430 3872 606 3965 meniana,
628 3884 841 3970 relinquentes
861 3882 1040 3949 oaelestiaffl.
1085 3885 1144 3963 ΤΟ
1160 3886 1273 3951 rabida

255 4014 307 4063 ¹01.
319 4015 456 4065 induentes.
522 4016 620 4075 isera,
632 4014 786 4076 deprehendi.
797 4013 921 4077 (riopriur
930 4014 992 4073 conj.
1006 4010 1108 4075 labbe)
1194 4013 1274 4061 lm.

223 4096 322 4144 dixisti=
340 4096 416 4156 sorte,
438 4095 497 4142 dixl.
521 4095 581 4158 (dixi
599 4097 703 4157 Optatus
734 4094 806 4143 conl.
829 4094 870 4141 lib.
887 4095 903 4142 i.
924 4098 1008 4142 eonem
1028 4094 1144 4141 Pomm.
1169 4094 1281 4157 Mnnsi.)

223 4186 246 4215 ω
256 4178 360 4237 Optntm
370 4174 435 4223 nat
448 4181 531 4224 sonno
540 4176 656 4223 Psoron.
667 4174 727 4239 (vid.
738 4190 813 4237 supra
823 4190 847 4237 p.
856 4174 1087 4238 28¹.)Aupustinus
1098 4188 1135 4236 ep.
1147 4172 1199 4221 πόα.
1211 4176 1277 4222 dooet

223 4258 288 4305 tasse
306 4258 460 4305 cmuntini
477 4258 592 4305 σώαν-ιω
609 4258 751 4305 Βοηοείιω
768 4257 954 4314 delumbem,
971 4258 1005 4303 ad
1024 4254 1159 4304 emnium
1180 4258 1272 4303 Arelot.

221 4339 351 4401 patiam.
385 4336 773 4399 vueseansptsrtsestt.

257 4430 272 4458 ⁰
282 4428 342 4490 (sor.
355 4426 418 4489 pro.)
637 4425 807 4552 †(l'rpp;er;s
817 4426 880 4487 qnod
892 4424 943 4471 hnc
955 4424 1028 4472 verbe
1039 4440 1068 4471 ex
1080 4423 1179 4485 epistola
1191 4423 1275 4473 antidit
