3242 5150
319 411 370 474 IN
395 411 427 473 S.
447 408 668 472 DIONYSII
693 408 817 471 LIBB.
841 407 905 472 DE
929 408 1148 472 NATURA.
1198 411 1260 475 427

209 578 527 661 leunis‚esndemque
541 584 675 642 tuentur
684 586 745 640 tros
754 576 840 640 oodd.
854 576 1028 660 Gausordi.
1061 577 1124 640 Sed
1138 577 1262 641 intereo

209 681 309 744 hebet
325 681 405 744 εἶδον
421 679 587 743 leotionem
603 699 801 742 communem
817 677 1016 762 Epiphanius
1034 678 1066 741 in
1081 679 1171 742 Hoer.
1184 701 1261 743 xxx.

210 803 296 844 num.
306 800 359 865 30.
374 802 406 863 p.
420 783 491 861 156.
507 781 557 842 ed.
574 778 709 843 Petevii.
749 778 842 842 Nune
859 799 934 843 voro
953 779 1001 842 eit
1015 779 1053 842 ol.
1069 778 1260 843 Heiniohen.

213 883 315 947 “Pro
336 887 450 946 ίδοοον
471 882 671 945 scribendum
691 887 742 944 est
762 884 880 944 ίοοοον.
924 880 996 944 vid.
1028 880 1197 945 Meittsire
1222 883 1263 946 de

213 996 234 1017 ‘¹
251 983 355 1047 Graeo.
372 983 410 1047 L.
427 981 522 1047 Diull.
537 1005 568 1066 p.
581 983 653 1065 298.
670 1003 718 1066 sq.
735 981 853 1045 Winer
873 983 1079 1047 Grammatik
1093 984 1149 1048 des
1170 985 1212 1048 N.
1224 984 1262 1048 T.

212 1092 232 1120 ‘⁴
246 1107 278 1168 p.
289 1101 341 1166 70.
357 1106 403 1167 sq.
419 1091 453 1148 et
469 1083 587 1147 Euseb.
604 1083 648 1147 H.
661 1083 701 1146 E.
718 1090 742 1147 t.
754 1083 797 1146 iii.
814 1105 845 1168 p.
857 1103 931 1167 315.
947 1107 979 1168 p.
990 1085 1060 1148 xv.''

256 1186 293 1250 P.
304 1202 378 1270 397.
395 1185 416 1248 l.
432 1186 480 1247 18.
497 1185 625 1266 ἔρίθονς]
643 1184 719 1247 Hoo
733 1205 794 1265 pro
810 1184 890 1247 edito
910 1186 1075 1265 ἀῤῥνθμονς
1092 1185 1168 1249 Mu.
1188 1185 1261 1250 ooll.

210 1288 305 1350 Joon.
321 1294 355 1350 ot
377 1286 491 1349 codices
511 1286 641 1370 ηιιίοηαο
664 1284 839 1361 Guisiordi,
854 1285 908 1369 qni
931 1284 1062 1349 sitnon
1086 1306 1161 1350 roro
1186 1287 1265 1351 titu-

212 1388 325 1452 betum
346 1408 416 1450 esse
437 1387 479 1450 nd
501 1387 583 1450 hano
605 1407 723 1463 vocem,
744 1407 840 1469 quum
860 1393 1024 1471 praeeunto
1043 1407 1082 1450 eo
1099 1408 1183 1451 nuno
1204 1407 1263 1473 ego

213 1511 328 1574 reeepr.

256 1589 295 1652 P.
307 1589 383 1673 398.
398 1588 419 1651 Ι.
433 1609 460 1651 1.
474 1586 493 1667 ἢ
507 1589 562 1652 τὸν
575 1587 673 1669 μέγαν
683 1593 789 1651 τοῦτον
800 1590 883 1652 οἶκον
900 1590 972 1672 Bru]
990 1589 1070 1653 Oum
1084 1589 1135 1652 his
1149 1590 1265 1669 verbis,

213 1710 295 1772 quse,
311 1696 349 1752 ut
358 1689 428 1774 jam
443 1690 568 1753 noterit
584 1690 728 1773 Vigerue‚
744 1710 817 1753 oum
837 1691 1052 1774 superioribus
1067 1691 1194 1754 contexi
1210 1692 1264 1780 de-

213 1791 300 1868 bent,
316 1790 427 1874 incipit
446 1796 556 1854 temen
570 1789 701 1854 Eusebii
721 1799 820 1876 eaput
836 1807 889 1875 25,
905 1793 965 1855 hoo
980 1793 1076 1856 titulo
1090 1791 1263 1877 praemiseo.

212 1889 290 1954 Ἀπὸ
305 1895 355 1969 τῆς
368 1895 422 1954 τοῦ
435 1890 547 1957 παντὸς
561 1891 745 1958 συστάσεως·
767 1893 827 1956 ἀπὸ
842 1897 895 1955 τοῦ
909 1894 1008 1956 αὐτοῦ.
1046 1893 1135 1957 Idem
1149 1915 1185 1956 σω
1195 1895 1264 1958 tmi-

212 1993 293 2055 oorsi
306 1991 457 2056 νιοίίιίοασ
471 1993 635 2074 conficitur.
671 1995 725 2056 En
737 1994 845 2057 eodem.

251 2096 289 2156 P.
300 2095 376 2178 398.
387 2095 409 2156 l.
418 2115 450 2178 3.
466 2094 712 2182 ἑπιφοινομένης]
729 2095 801 2159 Ηοο
813 2095 952 2173 verbum,
966 2096 1051 2179 quod
1061 2096 1265 2160 Guissordum

214 2202 342 2260 secutus
357 2217 416 2279 pro
429 2195 550 2280 ααίρατο
565 2195 781 2276 ἐπιφερομένης
794 2217 878 2260 nuno
887 2197 1004 2281 recepi,
1019 2205 1177 2282 prostent
1188 2199 1265 2260 MS.

217 2295 291 2360 uolt.
306 2296 399 2360 Jooo.
417 2304 452 2360 et
465 2296 551 2360 codd.
569 2297 700 2381 quinquo
716 2297 888 2380 Goissorcbi.
927 2298 1022 2361 Pluto
1045 2299 1078 2361 in
1096 2300 1211 2384 Gorqia
1225 2319 1266 2362 ex

217 2396 494 2480 Pythagoreorum
514 2396 658 2479 plenitisz
691 2399 779 2465 Φασὶ,
794 2399 820 2460 δ’
843 2400 872 2460 οί
896 2399 1000 2479 σοφοὶ,
1025 2396 1049 2460 ὦ
1072 2401 1266 2475 Καλλίκλεις,

216 2497 265 2559 καὶ
286 2497 413 2577 οὐρανὸν
435 2498 484 2559 καὶ
504 2500 572 2577 γῆν,
589 2497 637 2558 καὶ
659 2497 744 2562 θεοὺς
766 2498 814 2559 καὶ
836 2499 1009 2578 ἀνθρώπους
1032 2499 1087 2577 τὴν
1110 2501 1266 2562 κοινωνίαν

217 2597 368 2679 συνέχειν,
386 2600 433 2661 καὶ
455 2600 563 2679 φιλίαν
585 2600 633 2661 καὶ
655 2599 844 2677 κοσμιότητα,
867 2601 915 2662 καὶ
938 2602 1140 2680 σωφροσύνην
1161 2602 1209 2663 καὶ
1224 2605 1267 2665 δι-

218 2700 365 2777 καιότητα·
382 2700 430 2761 καὶ
449 2698 483 2762 τὸ
499 2700 574 2761 ὅλον
595 2703 681 2761 τοῦτο
702 2702 750 2762 διὰ
764 2706 857 2764 ταῦτα
878 2706 1056 2765 ΚΟΣΜΟΝ
1073 2706 1228 2779 καλοῦσιν,
1244 2700 1267 2765 ὦ

216 2796 325 2875 ἑταῖρε,
341 2796 393 2857 οὐκ
409 2796 556 2874 ἀκοσμίαν
567 2795 636 2858 οὐδὲ
650 2797 829 2860 ἀκολασίαν.
847 2800 877 2880 ξ.
886 2798 964 2861 xlix.
979 2820 1035 2862 seu
1047 2822 1119 2885 pug.
1130 2816 1205 2884 507.
1217 2801 1268 2863 ed.

219 2895 330 2976 Steph.
346 2895 471 2959 Confer.
488 2896 610 2959 Ονπιίίί.
625 2899 733 2980 Apost.
747 2920 775 2961 v.
787 2900 817 2961 6.

261 2995 343 3060 Ibid.
358 2996 378 3059 l.
393 3017 442 3060 10.
462 2997 540 3061 Τίνα
555 3000 588 3060 δὲ
610 2999 659 3061 καί
672 2996 799 3085 τρόπον]
818 3000 1014 3064 Partieulam
1030 3002 1078 3064 καὶ
1096 3000 1207 3064 addidi
1229 3024 1268 3065 ex

216 3097 313 3160 Moto
327 3097 536 3181 desumptam.
585 3098 624 3161 In
635 3119 711 3162 voee
725 3101 852 3163 ὁποοῶν
866 3100 1001 3165 subaudi
1016 3103 1144 3180 ἀτόμων.

261 3198 345 3261 Ibid.
366 3198 386 3262 l.
406 3218 456 3279 14.
479 3196 498 3277 ἢ
520 3199 692 3280 μακραίωνά
712 3225 748 3282 γε
771 3204 846 3264 κατὰ
867 3202 921 3265 τὸν
942 3204 1033 3268 οὕτως
1058 3202 1265 3285 ὀνομάσαντα]

217 3297 355 3363 Dixerat
369 3299 518 3363 nimirum
533 3300 739 3385 philosophus
759 3302 925 3386 quispiam,
943 3303 1104 3368 naturalia
1122 3325 1187 3368 non
1201 3311 1270 3367 tum

214 3401 898 3487 appellendeaeterneesse‚quemdiuturno.
917 3404 980 3467 Sed
988 3404 1164 3489 epriouri
1173 3410 1271 3488 utque

218 3501 453 3565 Atomisturum
473 3503 646 3588 principiis,
660 3504 785 3567 monuit
806 3503 1028 3587 stillingfletus
1043 3504 1076 3567 in
1091 3502 1269 3588 Oripioibos

218 3603 308 3665 ὅσον.
325 3601 380 3666 lib.
396 3602 441 3666 iii.
469 3609 695 3687 osp.2.§.17.
719 3603 823 3667 nullos
846 3612 971 3669 nuturae
993 3604 1043 3669 vel
1067 3605 1196 3668 effeetus
1222 3605 1271 3667 vel

218 3724 317 3787 opera
327 3710 403 3787 epte
416 3704 515 3788 qnaeri
524 3711 558 3769 et
569 3704 720 3789 explicari
732 3726 837 3789 posse.
875 3706 968 3788 Quod
980 3706 1107 3791 quidem
1119 3702 1270 3790 praeolure

218 3802 270 3866 hio
296 3804 464 3868 ostendere
485 3804 533 3868 uit
560 3804 748 3889 Dionysium
775 3814 988 3890 opponentem
1011 3808 1072 3871 hoo
1098 3805 1270 3881 ommissis,

218 3904 341 3968 efficere
356 3927 411 3969 eos
424 3905 511 3970 nullo
524 3906 639 3970 idoneo
653 3928 750 3971 oense
768 3908 868 3973 allatu
882 3930 922 3972 ex
937 3930 1001 3972 une
1015 3910 1189 3992 sudemque
1203 3929 1272 3970 ms-

218 4006 302 4069 terio
327 4006 486 4085 uniformi,
514 4030 585 4072 oum
609 4030 661 4072 res
682 4031 777 4073 sensu
800 4018 976 4095 perceptos,
1001 4017 1071 4074 tum
1093 4029 1167 4072 voro
1193 4006 1273 4069 elius

219 4130 292 4171 eum
315 4107 491 4192 fugientem
526 4112 694 4175 nonnullus
717 4112 805 4189 item,
833 4134 904 4195 quae
927 4110 1027 4175 vitum
1052 4108 1178 4173 sortitae
1208 4104 1273 4168 sint

219 4208 415 4287 diuturnam,
439 4208 519 4274 ulios
541 4218 661 4292 eutem,
686 4233 757 4296 quae
776 4212 1005 4277 brevissimum.
1050 4210 1133 4273 Tum
1151 4212 1270 4283 eutem,

695 4333 715 4396 3
734 4335 744 4375 1
764 4332 782 4375 2
