3242 5150
535 745 581 850 S.
614 743 962 844 PHILEAE

321 969 529 1038 EPISOOPI
553 971 824 1037 THMUITANI
847 972 905 1037 ΕΤ
930 971 1168 1038 MARTYBiS

609 1157 885 1244 RELIQUIAE,

721 1349 775 1396 QUI

184 1488 204 1548 5
361 1485 531 1541 SCRIPSIT
549 1485 623 1543 SUB
643 1483 793 1540 SAECULI
813 1483 959 1544 Quanti
979 1486 1147 1542 INI'I'IUM.

634 1659 862 1690 -afi—

296 1799 392 1882 Ἀπὸ
409 1807 482 1882 τῶν
500 1801 633 1883 Φιλίου
649 1802 741 1907 πρὸς
759 1801 944 1903 Θμουΐτας
960 1799 1194 1906 γραμμάτων.

218 1959 448 2058 ΤΟΥΤΩΝ
476 1979 645 2060 ἁπάντων
674 1979 945 2082 ὑποδειγμάτων
977 1980 1061 2079 ἡμῖν
1092 1981 1150 2060 καὶ
1178 1980 1267 2059 ὑπο·

216 2117 394 2214 γραμμῶν
411 2115 469 2193 καὶ
488 2119 610 2194 καλῶν
626 2113 890 2218 γνωρισμάτων
915 2118 953 2195 ἐν
978 2121 1055 2199 ταῖς
1080 2115 1188 2200 θείαις
1211 2119 1270 2197 καὶ

219 2250 325 2349 ἱεραῖς
341 2252 498 2354 γραφαῖς
518 2248 694 2348 κειμένων,
714 2247 816 2330 οὐδὲν
833 2248 1083 2349 μελλήσαντες
1101 2255 1133 2328 οἱ
1154 2251 1271 2349 μακά-

165 2422 207 2462 ιο
216 2417 287 2488 ρωι
304 2383 376 2463 σὺν
393 2385 477 2483 ἡμῖν
494 2383 680 2489 μάρτυρες,
698 2384 741 2466 τὸ
758 2390 823 2486 τῆς
840 2389 964 2492 ψυχῆς
981 2386 1081 2485 ὄμμα
1098 2385 1189 2490 πρὸς
1206 2386 1270 2467 τὸν

216 2520 276 2601 ἐπὶ
309 2519 455 2601 πάντων
487 2518 584 2602 θεὸν
616 2527 781 2627 καθαρῶς
808 2522 995 2619 τείνοντες,
1025 2525 1083 2602 καὶ
1119 2519 1183 2602 τὸν
1214 2522 1268 2602 ἐπ’

218 2656 382 2763 εὐσεβείᾳ
395 2655 550 2737 θάνατον
567 2659 605 2738 ε’ν
624 2663 674 2766 νῷ
691 2656 876 2757 λαβόντες,
893 2658 1008 2765 ἀπρὶξ
1023 2661 1087 2758 τῆς
1105 2655 1270 2758 κλήσεως

217 2788 365 2895 ε’ίχοντο.
397 2788 461 2870 τόν
484 2788 550 2891 μὲν
575 2790 711 2896 Κύρων
732 2793 834 2892 ἡμων
858 2795 1003 2894 Ἰησοῦν
1021 2789 1186 2896 Χριστὸν
1207 2794 1265 2870 εὖ·

216 2922 338 3026 ρόντες
369 2925 698 3027 ε’νανθρωττήσαντο
735 2930 777 3008 δι’
817 2929 920 3028 ἡμᾶς,
953 2930 1012 3009 ἵνα
1047 2935 1173 3009 πᾶσαν
1203 2924 1269 3027 μὲν

166 3100 205 3160 15
217 3058 393 3161 ἁμαρτίαν
411 3057 561 3166 ἐκκόψῃ,
580 3058 706 3165 ἐφόδια
725 3062 763 3141 δὲ
780 3066 844 3162 τῆς
862 3067 911 3148 εἰς
930 3061 996 3163 τὴν
1014 3062 1155 3143 αἰώνιον
1177 3058 1268 3163 ζωὴν

217 3192 359 3274 εἰσόδου
376 3195 461 3293 ἡμῖν
480 3193 687 3295 κατάθηται·
718 3199 779 3275 ὀὐ
797 3196 870 3299 γὰρ
889 3197 1080 3301 ἁρπαγμόν
1104 3195 1268 3298 ἡγήσατο

563 3356 726 3434 Interprete
741 3356 784 3414 H.
804 3356 923 3416 Voleaio.

282 3462 331 3520 Ex
346 3460 481 3541 Epistola
495 3460 605 3520 Phileas
619 3461 656 3520 ad
768 3474 799 3523 et
819 3473 942 3522 mortem
965 3482 1019 3542 pro
1038 3463 1148 3541 pietate
1163 3462 1267 3521 libenti

383 3541 549 3602 Thmuitas.
767 3543 865 3602 animo
885 3544 1104 3639 amplectentes,
1122 3543 1267 3604 vocationi

767 3643 828 3682 suae
862 3624 1051 3702 pertnnaciter
1078 3624 1266 3682 inhaeserunt.

170 3717 207 3757 το
259 3702 333 3762 Hac
353 3703 444 3782 igitur
464 3703 562 3762 omnia
582 3702 717 3781 exempla
768 3703 889 3782 Quippe
903 3704 953 3780 qui
968 3704 1058 3782 probe
1074 3713 1193 3761 nossent
1206 3704 1266 3761 Do.

217 3782 355 3861 assigna,
372 3794 401 3842 et
415 3783 611 3863 pulcherrimo
625 3782 715 3841 doen·
767 3784 879 3841 minum
901 3794 1033 3842 nostrum
1050 3784 1152 3842 Jesum
1167 3784 1266 3842 Chris·

215 3873 315 3923 menta
331 3864 362 3922 in
381 3864 468 3922 saeris
487 3863 581 3923 literis
601 3874 717 3923 exstare
767 3876 830 3921 tum
845 3862 945 3921 nostris
959 3863 1046 3922 canat
1059 3863 1206 3921 hominem
1221 3863 1266 3921 id.

216 3963 284 4001 eum
298 3944 405 4003 seirent
418 3944 576 4003 beatissimi
591 3944 641 4021 qui
662 3963 714 4000 no·
765 3943 842 4002 oiroo
857 3943 967 4002 factum
981 3943 1082 4010 fuisse,
1094 3954 1129 4001 ut
1148 3954 1178 4002 at
1198 3963 1266 4022 pec-

215 4022 327 4081 bisonm
343 4024 446 4083 versati
462 4035 532 4083 sunt
552 4034 714 4103 martyres;
765 4034 862 4081 catum
885 4024 1005 4081 omnino
1026 4023 1218 4091 exscinderet,
1237 4034 1267 4082 et

169 4102 324 4180 nssbsqne
345 4102 406 4162 ulla
429 4104 624 4171 cunctatione,
646 4123 714 4162 ocu·
765 4103 910 4162 advitam
932 4115 1068 4163 oeternsm
1089 4103 1266 4162 contenden-

215 4181 278 4240 lum
292 4184 399 4243 mentia
415 4183 446 4241 in
465 4203 633 4263 supremum
654 4203 713 4241 om·
765 4183 846 4242 tibus
880 4184 964 4243 nobis
996 4184 1125 4243 subsidio
1153 4184 1268 4242 itineris

216 4262 297 4320 nium
311 4262 406 4322 Deum
419 4264 531 4322 sineere
545 4262 713 4342 defigentes,
766 4274 956 4343 eompararet.
1000 4264 1070 4321 Non
1091 4264 1168 4321 enim
1190 4264 1266 4340 rapi.

624 4383 862 4446 ιαααεῃα
