<?xml version="1.0" encoding="UTF-8"?>
<!DOCTYPE html PUBLIC "-//W3C//DTD XHTML 1.0 Transitional//EN"
    "http://www.w3.org/TR/xhtml1/DTD/xhtml1-transitional.dtd">
<html xmlns="http://www.w3.org/1999/xhtml" xml:lang="en" lang="en">
 <head>
  <title>
</title>
<meta http-equiv="Content-Type" content="text/html;charset=utf-8" />
  <meta name='ocr-system' content='tesseract 3.04.00' />
  <meta name='ocr-capabilities' content='ocr_page ocr_carea ocr_par ocr_line ocrx_word'/>
</head>
<body>
  <div class='ocr_page' id='page_1' title='image "./reliquiaesacrae12routgoog_0121.png"; bbox 0 0 3242 5150; ppageno 0'>
   <div class='ocr_carea' id='block_1_1' title="bbox 528 406 1225 512">
    <p class='ocr_par' dir='ltr' id='par_1_1' title="bbox 528 406 1225 512">
     <span class='ocr_line' id='line_1_1' title="bbox 528 406 1225 512; baseline 0.009 -44"><span class='ocrx_word' id='word_1_1' title='bbox 528 406 579 512; x_wconf 74' lang='lat' dir='ltr'>IN</span> <span class='ocrx_word' id='word_1_2' title='bbox 604 407 637 470; x_wconf 92' lang='lat' dir='ltr'>S.</span> <span class='ocrx_word' id='word_1_3' title='bbox 655 407 894 474; x_wconf 81' lang='lat' dir='ltr'><strong>PHILEAM.</strong></span> <span class='ocrx_word' id='word_1_4' title='bbox 1165 412 1225 476; x_wconf 87' lang='lat'>111</span> 
     </span>
    </p>
   </div>
   <div class='ocr_carea' id='block_1_2' title="bbox 165 573 1228 4321">
    <p class='ocr_par' dir='ltr' id='par_1_2' title="bbox 172 573 1228 3101">
     <span class='ocr_line' id='line_1_2' title="bbox 179 573 1228 662; baseline 0.005 -22"><span class='ocrx_word' id='word_1_5' title='bbox 179 575 276 662; x_wconf 88' lang='lat' dir='ltr'>recipi</span> <span class='ocrx_word' id='word_1_6' title='bbox 294 573 365 638; x_wconf 93' lang='lat' dir='ltr'>illos</span> <span class='ocrx_word' id='word_1_7' title='bbox 384 573 509 658; x_wconf 89' lang='lat' dir='ltr'>jussum</span> <span class='ocrx_word' id='word_1_8' title='bbox 524 580 574 638; x_wconf 88' lang='lat' dir='ltr'>est</span> <span class='ocrx_word' id='word_1_9' title='bbox 589 573 668 638; x_wconf 79' lang='lat' dir='ltr'>celat</span> <span class='ocrx_word' id='word_1_10' title='bbox 683 585 771 638; x_wconf 74' lang='lat' dir='ltr'>astru</span> <span class='ocrx_word' id='word_1_11' title='bbox 785 573 929 638; x_wconf 66' lang='lat' dir='ltr'>dalidam</span> <span class='ocrx_word' id='word_1_12' title='bbox 948 578 1126 644; x_wconf 63' lang='lat' dir='ltr'>meditatos.</span> <span class='ocrx_word' id='word_1_13' title='bbox 1171 582 1228 644; x_wconf 89' lang='lat' dir='ltr'>Ad</span> 
     </span>
     <span class='ocr_line' id='line_1_3' title="bbox 180 674 1227 759; baseline 0.008 -21"><span class='ocrx_word' id='word_1_14' title='bbox 180 675 239 740; x_wconf 91' lang='lat' dir='ltr'>hoo</span> <span class='ocrx_word' id='word_1_15' title='bbox 254 697 295 739; x_wconf 86' lang='lat' dir='ltr'>ex</span> <span class='ocrx_word' id='word_1_16' title='bbox 316 674 503 759; x_wconf 76' lang='lat' dir='ltr'><strong>fragmentis</strong></span> <span class='ocrx_word' id='word_1_17' title='bbox 526 674 697 740; x_wconf 83' lang='lat' dir='ltr'>Mad&#39;eanis</span> <span class='ocrx_word' id='word_1_18' title='bbox 716 684 856 753; x_wconf 89' lang='lat' dir='ltr'>constat,</span> <span class='ocrx_word' id='word_1_19' title='bbox 870 698 999 741; x_wconf 89' lang='lat' dir='ltr'>oausam</span> <span class='ocrx_word' id='word_1_20' title='bbox 1018 678 1145 745; x_wconf 79' lang='lat' dir='ltr'>finxisse</span> <span class='ocrx_word' id='word_1_21' title='bbox 1166 681 1227 745; x_wconf 93' lang='lat' dir='ltr'>sibi</span> 
     </span>
     <span class='ocr_line' id='line_1_4' title="bbox 178 776 1227 857; baseline 0.006 -17"><span class='ocrx_word' id='word_1_22' title='bbox 178 777 451 842; x_wconf 87' lang='lat' dir='ltr'>schismaticamm</span> <span class='ocrx_word' id='word_1_23' title='bbox 474 798 602 840; x_wconf 91' lang='lat' dir='ltr'>suarum</span> <span class='ocrx_word' id='word_1_24' title='bbox 626 776 863 843; x_wconf 70' lang='lat' dir='ltr'><strong>ordinationum</strong></span> <span class='ocrx_word' id='word_1_25' title='bbox 890 778 1067 857; x_wconf 89' lang='lat' dir='ltr'>Meletium,</span> <span class='ocrx_word' id='word_1_26' title='bbox 1093 780 1227 846; x_wconf 91' lang='lat' dir='ltr'>diminu-</span> 
     </span>
     <span class='ocr_line' id='line_1_5' title="bbox 178 878 1227 970; baseline 0.006 -28"><span class='ocrx_word' id='word_1_27' title='bbox 178 885 248 942; x_wconf 87' lang='lat' dir='ltr'>tum</span> <span class='ocrx_word' id='word_1_28' title='bbox 270 900 436 942; x_wconf 91' lang='lat' dir='ltr'>numerum</span> <span class='ocrx_word' id='word_1_29' title='bbox 458 878 675 944; x_wconf 88' lang='lat' dir='ltr'>ministromm</span> <span class='ocrx_word' id='word_1_30' title='bbox 698 900 872 956; x_wconf 84' lang='lat' dir='ltr'>sacromm,</span> <span class='ocrx_word' id='word_1_31' title='bbox 892 902 968 960; x_wconf 91' lang='lat' dir='ltr'>non,</span> <span class='ocrx_word' id='word_1_32' title='bbox 983 882 1069 966; x_wconf 90' lang='lat' dir='ltr'>quod</span> <span class='ocrx_word' id='word_1_33' title='bbox 1084 883 1227 970; x_wconf 74' lang='lat' dir='ltr'>Epipho-</span> 
     </span>
     <span class='ocr_line' id='line_1_6' title="bbox 177 980 1226 1067; baseline 0.004 -21"><span class='ocrx_word' id='word_1_34' title='bbox 177 982 277 1046; x_wconf 71' lang='lat' dir='ltr'>aiam</span> <span class='ocrx_word' id='word_1_35' title='bbox 288 981 415 1067; x_wconf 91' lang='lat' dir='ltr'>quidem</span> <span class='ocrx_word' id='word_1_36' title='bbox 426 980 547 1058; x_wconf 87' lang='lat' dir='ltr'>volunt,</span> <span class='ocrx_word' id='word_1_37' title='bbox 563 1003 799 1066; x_wconf 77' lang='lat' dir='ltr'>praeproperam</span> <span class='ocrx_word' id='word_1_38' title='bbox 809 981 971 1067; x_wconf 89' lang='lat' dir='ltr'>lapsorum</span> <span class='ocrx_word' id='word_1_39' title='bbox 981 983 1226 1050; x_wconf 88' lang='lat' dir='ltr'>adcommunio-</span> 
     </span>
     <span class='ocr_line' id='line_1_7' title="bbox 177 1082 1225 1169; baseline 0.007 -24"><span class='ocrx_word' id='word_1_40' title='bbox 177 1104 251 1147; x_wconf 91' lang='lat' dir='ltr'>nem</span> <span class='ocrx_word' id='word_1_41' title='bbox 262 1083 485 1169; x_wconf 74' lang='lat' dir='ltr'>receptionem.</span> <span class='ocrx_word' id='word_1_42' title='bbox 519 1084 622 1160; x_wconf 87' lang='lat' dir='ltr'>Adde,</span> <span class='ocrx_word' id='word_1_43' title='bbox 636 1084 803 1169; x_wconf 89' lang='lat' dir='ltr'>quodcum</span> <span class='ocrx_word' id='word_1_44' title='bbox 817 1082 949 1148; x_wconf 90' lang='lat' dir='ltr'>Meletio</span> <span class='ocrx_word' id='word_1_45' title='bbox 961 1092 1054 1150; x_wconf 83' lang='lat' dir='ltr'>extra</span> <span class='ocrx_word' id='word_1_46' title='bbox 1065 1108 1225 1152; x_wconf 86' lang='lat' dir='ltr'>carcerem</span> 
     </span>
     <span class='ocr_line' id='line_1_8' title="bbox 177 1183 1226 1271; baseline 0.006 -24"><span class='ocrx_word' id='word_1_47' title='bbox 177 1183 283 1270; x_wconf 91' lang='lat' dir='ltr'>posito</span> <span class='ocrx_word' id='word_1_48' title='bbox 297 1184 578 1269; x_wconf 85' lang='lat' dir='ltr'>expostulaverunt</span> <span class='ocrx_word' id='word_1_49' title='bbox 592 1191 750 1270; x_wconf 76' lang='lat' dir='ltr'>martyres</span> <span class='ocrx_word' id='word_1_50' title='bbox 764 1191 798 1249; x_wconf 91' lang='lat' dir='ltr'>et</span> <span class='ocrx_word' id='word_1_51' title='bbox 812 1183 951 1271; x_wconf 90' lang='lat' dir='ltr'>episcopi</span> <span class='ocrx_word' id='word_1_52' title='bbox 965 1194 999 1250; x_wconf 90' lang='lat' dir='ltr'>et</span> <span class='ocrx_word' id='word_1_53' title='bbox 1014 1186 1082 1271; x_wconf 90' lang='lat' dir='ltr'>ipse</span> <span class='ocrx_word' id='word_1_54' title='bbox 1096 1189 1226 1266; x_wconf 89' lang='lat' dir='ltr'>Petms,</span> 
     </span>
     <span class='ocr_line' id='line_1_9' title="bbox 177 1285 1225 1373; baseline 0.006 -24"><span class='ocrx_word' id='word_1_55' title='bbox 177 1307 241 1349; x_wconf 95' lang='lat' dir='ltr'>non</span> <span class='ocrx_word' id='word_1_56' title='bbox 260 1285 491 1351; x_wconf 85' lang='lat' dir='ltr'>incarceratum</span> <span class='ocrx_word' id='word_1_57' title='bbox 511 1286 681 1351; x_wconf 88' lang='lat' dir='ltr'>Meletium</span> <span class='ocrx_word' id='word_1_58' title='bbox 701 1289 818 1352; x_wconf 89' lang='lat' dir='ltr'>Petrus</span> <span class='ocrx_word' id='word_1_59' title='bbox 831 1287 955 1351; x_wconf 81' lang='lat' dir='ltr'>vinctus</span> <span class='ocrx_word' id='word_1_60' title='bbox 969 1308 990 1350; x_wconf 87' lang='lat' dir='ltr'>a</span> <span class='ocrx_word' id='word_1_61' title='bbox 1004 1309 1039 1351; x_wconf 90' lang='lat' dir='ltr'>se</span> <span class='ocrx_word' id='word_1_62' title='bbox 1056 1290 1225 1373; x_wconf 81' lang='lat' dir='ltr'>separavit</span> 
     </span>
     <span class='ocr_line' id='line_1_10' title="bbox 177 1388 1226 1474; baseline 0.004 -21"><span class='ocrx_word' id='word_1_63' title='bbox 177 1388 334 1472; x_wconf 88' lang='lat' dir='ltr'>Majorem</span> <span class='ocrx_word' id='word_1_64' title='bbox 351 1411 475 1474; x_wconf 93' lang='lat' dir='ltr'>quoque</span> <span class='ocrx_word' id='word_1_65' title='bbox 490 1388 704 1453; x_wconf 80' lang='lat' dir='ltr'>consessomm</span> <span class='ocrx_word' id='word_1_66' title='bbox 719 1410 887 1453; x_wconf 90' lang='lat' dir='ltr'>numerum</span> <span class='ocrx_word' id='word_1_67' title='bbox 900 1410 922 1452; x_wconf 88' lang='lat' dir='ltr'>a</span> <span class='ocrx_word' id='word_1_68' title='bbox 939 1388 1086 1473; x_wconf 86' lang='lat' dir='ltr'>partibus</span> <span class='ocrx_word' id='word_1_69' title='bbox 1100 1391 1226 1457; x_wconf 89' lang='lat' dir='ltr'>Meletii</span> 
     </span>
     <span class='ocr_line' id='line_1_11' title="bbox 177 1489 1225 1575; baseline 0.006 -22"><span class='ocrx_word' id='word_1_70' title='bbox 177 1489 314 1567; x_wconf 87' lang='lat' dir='ltr'>stetisse,</span> <span class='ocrx_word' id='word_1_71' title='bbox 329 1490 363 1554; x_wconf 95' lang='lat' dir='ltr'>id</span> <span class='ocrx_word' id='word_1_72' title='bbox 377 1490 579 1555; x_wconf 86' lang='lat' dir='ltr'>vehementer</span> <span class='ocrx_word' id='word_1_73' title='bbox 597 1491 809 1555; x_wconf 88' lang='lat' dir='ltr'>dubitandum</span> <span class='ocrx_word' id='word_1_74' title='bbox 824 1497 883 1554; x_wconf 90' lang='lat' dir='ltr'>est.</span> <span class='ocrx_word' id='word_1_75' title='bbox 929 1491 1076 1575; x_wconf 89' lang='lat' dir='ltr'>Denique</span> <span class='ocrx_word' id='word_1_76' title='bbox 1095 1493 1225 1559; x_wconf 90' lang='lat' dir='ltr'>clericos</span> 
     </span>
     <span class='ocr_line' id='line_1_12' title="bbox 177 1591 1225 1679; baseline 0.005 -23"><span class='ocrx_word' id='word_1_77' title='bbox 177 1591 340 1656; x_wconf 88' lang='lat' dir='ltr'>ordinatos</span> <span class='ocrx_word' id='word_1_78' title='bbox 355 1592 451 1656; x_wconf 85' lang='lat' dir='ltr'>fuisse</span> <span class='ocrx_word' id='word_1_79' title='bbox 468 1613 490 1655; x_wconf 88' lang='lat' dir='ltr'>a</span> <span class='ocrx_word' id='word_1_80' title='bbox 506 1591 639 1656; x_wconf 92' lang='lat' dir='ltr'>Meletio</span> <span class='ocrx_word' id='word_1_81' title='bbox 659 1599 733 1676; x_wconf 90' lang='lat' dir='ltr'>post</span> <span class='ocrx_word' id='word_1_82' title='bbox 753 1591 843 1655; x_wconf 88' lang='lat' dir='ltr'>Petri</span> <span class='ocrx_word' id='word_1_83' title='bbox 859 1592 984 1658; x_wconf 92' lang='lat' dir='ltr'>obitum</span> <span class='ocrx_word' id='word_1_84' title='bbox 1001 1593 1225 1679; x_wconf 75' lang='lat' dir='ltr'><strong>Epiphaniam</strong></span> 
     </span>
     <span class='ocr_line' id='line_1_13' title="bbox 176 1693 1222 1780; baseline 0.005 -24"><span class='ocrx_word' id='word_1_85' title='bbox 176 1695 328 1771; x_wconf 84' lang='lat' dir='ltr'>referunt,</span> <span class='ocrx_word' id='word_1_86' title='bbox 344 1695 430 1780; x_wconf 93' lang='lat' dir='ltr'>quod</span> <span class='ocrx_word' id='word_1_87' title='bbox 448 1694 518 1778; x_wconf 89' lang='lat' dir='ltr'>jam</span> <span class='ocrx_word' id='word_1_88' title='bbox 532 1693 651 1758; x_wconf 79' lang='lat' dir='ltr'>iactum</span> <span class='ocrx_word' id='word_1_89' title='bbox 666 1715 735 1758; x_wconf 87' lang='lat' dir='ltr'>esse</span> <span class='ocrx_word' id='word_1_90' title='bbox 750 1694 820 1757; x_wconf 88' lang='lat' dir='ltr'>vivo</span> <span class='ocrx_word' id='word_1_91' title='bbox 837 1696 936 1758; x_wconf 85' lang='lat' dir='ltr'>Petro</span> <span class='ocrx_word' id='word_1_92' title='bbox 950 1694 1071 1780; x_wconf 92' lang='lat' dir='ltr'>liquido</span> <span class='ocrx_word' id='word_1_93' title='bbox 1085 1704 1222 1761; x_wconf 88' lang='lat' dir='ltr'>constat.</span> 
     </span>
     <span class='ocr_line' id='line_1_14' title="bbox 177 1793 1224 1880; baseline 0.006 -24"><span class='ocrx_word' id='word_1_94' title='bbox 177 1795 418 1873; x_wconf 71' lang='lat' dir='ltr'>Verumtamen,</span> <span class='ocrx_word' id='word_1_95' title='bbox 447 1817 518 1860; x_wconf 92' lang='lat' dir='ltr'>cum</span> <span class='ocrx_word' id='word_1_96' title='bbox 547 1802 631 1860; x_wconf 91' lang='lat' dir='ltr'>teste</span> <span class='ocrx_word' id='word_1_97' title='bbox 660 1793 840 1880; x_wconf 82' lang='lat' dir='ltr'>fragmento</span> <span class='ocrx_word' id='word_1_98' title='bbox 875 1795 1036 1860; x_wconf 83' lang='lat' dir='ltr'>Maffeano</span> <span class='ocrx_word' id='word_1_99' title='bbox 1071 1797 1224 1862; x_wconf 89' lang='lat' dir='ltr'>Meletius</span> 
     </span>
     <span class='ocr_line' id='line_1_15' title="bbox 176 1897 1222 1982; baseline 0.003 -21"><span class='ocrx_word' id='word_1_100' title='bbox 176 1899 330 1982; x_wconf 88' lang='lat' dir='ltr'>quosdam</span> <span class='ocrx_word' id='word_1_101' title='bbox 350 1897 410 1962; x_wconf 81' lang='lat' dir='ltr'>eidi</span> <span class='ocrx_word' id='word_1_102' title='bbox 421 1897 609 1962; x_wconf 66' lang='lat' dir='ltr'>ordinaverit</span> <span class='ocrx_word' id='word_1_103' title='bbox 623 1897 658 1960; x_wconf 80' lang='lat' dir='ltr'>ia</span> <span class='ocrx_word' id='word_1_104' title='bbox 679 1917 797 1961; x_wconf 79' lang='lat' dir='ltr'>carcere</span> <span class='ocrx_word' id='word_1_105' title='bbox 810 1907 900 1982; x_wconf 72' lang='lat' dir='ltr'>atque</span> <span class='ocrx_word' id='word_1_106' title='bbox 921 1898 957 1962; x_wconf 78' lang='lat' dir='ltr'>ia</span> <span class='ocrx_word' id='word_1_107' title='bbox 969 1899 1101 1963; x_wconf 77' lang='lat' dir='ltr'>metallis</span> <span class='ocrx_word' id='word_1_108' title='bbox 1116 1900 1222 1964; x_wconf 64' lang='lat' dir='ltr'>meat</span> 
     </span>
     <span class='ocr_line' id='line_1_16' title="bbox 175 1997 1221 2086; baseline 0.001 -22"><span class='ocrx_word' id='word_1_109' title='bbox 175 2010 260 2076; x_wconf 81' lang='lat' dir='ltr'>totos,</span> <span class='ocrx_word' id='word_1_110' title='bbox 275 2001 349 2064; x_wconf 93' lang='lat' dir='ltr'>inde</span> <span class='ocrx_word' id='word_1_111' title='bbox 363 2000 498 2064; x_wconf 78' lang='lat' dir='ltr'>fortasse</span> <span class='ocrx_word' id='word_1_112' title='bbox 513 2005 586 2062; x_wconf 91' lang='lat' dir='ltr'>orta</span> <span class='ocrx_word' id='word_1_113' title='bbox 600 2005 651 2063; x_wconf 89' lang='lat' dir='ltr'>est</span> <span class='ocrx_word' id='word_1_114' title='bbox 665 1997 831 2062; x_wconf 83' lang='lat' dir='ltr'><strong>historiola</strong></span> <span class='ocrx_word' id='word_1_115' title='bbox 841 2000 882 2064; x_wconf 94' lang='lat' dir='ltr'>de</span> <span class='ocrx_word' id='word_1_116' title='bbox 893 2000 1024 2064; x_wconf 88' lang='lat' dir='ltr'>ecclesia</span> <span class='ocrx_word' id='word_1_117' title='bbox 1034 2008 1221 2086; x_wconf 85' lang='lat' dir='ltr'>martyrum,</span> 
     </span>
     <span class='ocr_line' id='line_1_17' title="bbox 175 2100 1222 2187; baseline 0.001 -22"><span class='ocrx_word' id='word_1_118' title='bbox 175 2125 245 2187; x_wconf 84' lang='lat' dir='ltr'>quae</span> <span class='ocrx_word' id='word_1_119' title='bbox 260 2102 398 2167; x_wconf 86' lang='lat' dir='ltr'>ecclesiae</span> <span class='ocrx_word' id='word_1_120' title='bbox 420 2101 584 2167; x_wconf 80' lang='lat' dir='ltr'>catholicae</span> <span class='ocrx_word' id='word_1_121' title='bbox 606 2100 754 2185; x_wconf 87' lang='lat' dir='ltr'>opposita</span> <span class='ocrx_word' id='word_1_122' title='bbox 774 2101 880 2165; x_wconf 84' lang='lat' dir='ltr'>fuerit.</span> <span class='ocrx_word' id='word_1_123' title='bbox 925 2104 1037 2186; x_wconf 88' lang='lat' dir='ltr'>Atque</span> <span class='ocrx_word' id='word_1_124' title='bbox 1056 2100 1222 2166; x_wconf 81' lang='lat' dir='ltr'>fatendum</span> 
     </span>
     <span class='ocr_line' id='line_1_18' title="bbox 175 2202 1222 2288; baseline 0.001 -21"><span class='ocrx_word' id='word_1_125' title='bbox 175 2205 311 2288; x_wconf 91' lang='lat' dir='ltr'>quidem,</span> <span class='ocrx_word' id='word_1_126' title='bbox 326 2227 390 2269; x_wconf 93' lang='lat' dir='ltr'>non</span> <span class='ocrx_word' id='word_1_127' title='bbox 400 2203 578 2268; x_wconf 86' lang='lat' dir='ltr'>confirmari</span> <span class='ocrx_word' id='word_1_128' title='bbox 593 2203 691 2266; x_wconf 88' lang='lat' dir='ltr'>hocce</span> <span class='ocrx_word' id='word_1_129' title='bbox 705 2202 869 2267; x_wconf 85' lang='lat' dir='ltr'>Maii&#39;eano</span> <span class='ocrx_word' id='word_1_130' title='bbox 883 2203 1074 2288; x_wconf 80' lang='lat' dir='ltr'>fragmento,</span> <span class='ocrx_word' id='word_1_131' title='bbox 1085 2206 1170 2288; x_wconf 91' lang='lat' dir='ltr'>quod</span> <span class='ocrx_word' id='word_1_132' title='bbox 1182 2206 1222 2268; x_wconf 91' lang='lat' dir='ltr'>de</span> 
     </span>
     <span class='ocr_line' id='line_1_19' title="bbox 175 2305 1222 2390; baseline 0.004 -21"><span class='ocrx_word' id='word_1_133' title='bbox 175 2306 299 2372; x_wconf 91' lang='lat' dir='ltr'>Meletii</span> <span class='ocrx_word' id='word_1_134' title='bbox 320 2306 502 2371; x_wconf 88' lang='lat' dir='ltr'>idololatria</span> <span class='ocrx_word' id='word_1_135' title='bbox 523 2305 733 2382; x_wconf 79' lang='lat' dir='ltr'><strong>Athanasius,</strong></span> <span class='ocrx_word' id='word_1_136' title='bbox 748 2312 782 2370; x_wconf 88' lang='lat' dir='ltr'>et</span> <span class='ocrx_word' id='word_1_137' title='bbox 803 2312 878 2390; x_wconf 89' lang='lat' dir='ltr'>post</span> <span class='ocrx_word' id='word_1_138' title='bbox 891 2326 964 2369; x_wconf 90' lang='lat' dir='ltr'>eum</span> <span class='ocrx_word' id='word_1_139' title='bbox 985 2305 1134 2370; x_wconf 77' lang='lat' dir='ltr'>Socrates</span> <span class='ocrx_word' id='word_1_140' title='bbox 1155 2308 1222 2373; x_wconf 89' lang='lat' dir='ltr'>alii-</span> 
     </span>
     <span class='ocr_line' id='line_1_20' title="bbox 173 2406 1222 2493; baseline 0.002 -22"><span class='ocrx_word' id='word_1_141' title='bbox 173 2430 234 2493; x_wconf 89' lang='lat' dir='ltr'>que</span> <span class='ocrx_word' id='word_1_142' title='bbox 249 2408 429 2493; x_wconf 78' lang='lat' dir='ltr'>scriptores,</span> <span class='ocrx_word' id='word_1_143' title='bbox 445 2406 647 2484; x_wconf 75' lang='lat' dir='ltr'>tradiderint,</span> <span class='ocrx_word' id='word_1_144' title='bbox 664 2428 777 2492; x_wconf 87' lang='lat' dir='ltr'>nempe</span> <span class='ocrx_word' id='word_1_145' title='bbox 792 2407 876 2471; x_wconf 89' lang='lat' dir='ltr'>hunc</span> <span class='ocrx_word' id='word_1_146' title='bbox 892 2428 914 2470; x_wconf 88' lang='lat' dir='ltr'>a</span> <span class='ocrx_word' id='word_1_147' title='bbox 929 2408 1028 2471; x_wconf 89' lang='lat' dir='ltr'>Petro</span> <span class='ocrx_word' id='word_1_148' title='bbox 1043 2407 1222 2492; x_wconf 92' lang='lat' dir='ltr'>depositum</span> 
     </span>
     <span class='ocr_line' id='line_1_21' title="bbox 172 2508 1221 2594; baseline 0.004 -21"><span class='ocrx_word' id='word_1_149' title='bbox 172 2508 280 2588; x_wconf 82' lang='lat' dir='ltr'>fuisse,</span> <span class='ocrx_word' id='word_1_150' title='bbox 302 2531 373 2575; x_wconf 90' lang='lat' dir='ltr'>cum</span> <span class='ocrx_word' id='word_1_151' title='bbox 395 2509 503 2575; x_wconf 87' lang='lat' dir='ltr'>multis</span> <span class='ocrx_word' id='word_1_152' title='bbox 524 2509 594 2575; x_wconf 85' lang='lat' dir='ltr'>aliis</span> <span class='ocrx_word' id='word_1_153' title='bbox 617 2511 656 2575; x_wconf 93' lang='lat' dir='ltr'>de</span> <span class='ocrx_word' id='word_1_154' title='bbox 678 2509 791 2588; x_wconf 88' lang='lat' dir='ltr'>causis,</span> <span class='ocrx_word' id='word_1_155' title='bbox 814 2516 884 2574; x_wconf 90' lang='lat' dir='ltr'>tum</span> <span class='ocrx_word' id='word_1_156' title='bbox 906 2509 990 2594; x_wconf 92' lang='lat' dir='ltr'>quod</span> <span class='ocrx_word' id='word_1_157' title='bbox 1011 2508 1104 2575; x_wconf 85' lang='lat' dir='ltr'>idolis</span> <span class='ocrx_word' id='word_1_158' title='bbox 1125 2510 1221 2577; x_wconf 86' lang='lat' dir='ltr'>sacri-</span> 
     </span>
     <span class='ocr_line' id='line_1_22' title="bbox 172 2612 1221 2697; baseline 0.002 -21"><span class='ocrx_word' id='word_1_159' title='bbox 172 2612 308 2677; x_wconf 85' lang='lat' dir='ltr'>ficasset.</span> <span class='ocrx_word' id='word_1_160' title='bbox 353 2612 448 2691; x_wconf 89' lang='lat' dir='ltr'>Nam,</span> <span class='ocrx_word' id='word_1_161' title='bbox 463 2620 500 2677; x_wconf 91' lang='lat' dir='ltr'>ut</span> <span class='ocrx_word' id='word_1_162' title='bbox 521 2620 630 2678; x_wconf 89' lang='lat' dir='ltr'>monet</span> <span class='ocrx_word' id='word_1_163' title='bbox 654 2612 791 2678; x_wconf 80' lang='lat' dir='ltr'>Maffeus</span> <span class='ocrx_word' id='word_1_164' title='bbox 810 2634 885 2697; x_wconf 87' lang='lat' dir='ltr'>pag.</span> <span class='ocrx_word' id='word_1_165' title='bbox 897 2614 948 2676; x_wconf 83' lang='lat'>26.</span> <span class='ocrx_word' id='word_1_166' title='bbox 973 2612 1126 2677; x_wconf 68' lang='lat' dir='ltr'>Ossaeae.</span> <span class='ocrx_word' id='word_1_167' title='bbox 1148 2636 1221 2678; x_wconf 94' lang='lat' dir='ltr'>cum</span> 
     </span>
     <span class='ocr_line' id='line_1_23' title="bbox 172 2712 1220 2799; baseline 0.003 -23"><span class='ocrx_word' id='word_1_168' title='bbox 172 2712 250 2776; x_wconf 91' lang='lat' dir='ltr'><strong>nihil</strong></span> <span class='ocrx_word' id='word_1_169' title='bbox 264 2713 392 2777; x_wconf 93' lang='lat' dir='ltr'>omnino</span> <span class='ocrx_word' id='word_1_170' title='bbox 403 2713 436 2776; x_wconf 95' lang='lat' dir='ltr'>in</span> <span class='ocrx_word' id='word_1_171' title='bbox 450 2714 585 2798; x_wconf 87' lang='lat' dir='ltr'>epistola</span> <span class='ocrx_word' id='word_1_172' title='bbox 596 2735 654 2778; x_wconf 92' lang='lat' dir='ltr'>sua</span> <span class='ocrx_word' id='word_1_173' title='bbox 664 2714 782 2778; x_wconf 90' lang='lat' dir='ltr'>Petrus</span> <span class='ocrx_word' id='word_1_174' title='bbox 795 2712 825 2776; x_wconf 93' lang='lat' dir='ltr'>ei</span> <span class='ocrx_word' id='word_1_175' title='bbox 840 2712 992 2796; x_wconf 84' lang='lat' dir='ltr'>objecerit</span> <span class='ocrx_word' id='word_1_176' title='bbox 1004 2730 1122 2797; x_wconf 86' lang='lat' dir='ltr'>praeter</span> <span class='ocrx_word' id='word_1_177' title='bbox 1127 2717 1220 2799; x_wconf 74' lang='lat' dir='ltr'>pria-</span> 
     </span>
     <span class='ocr_line' id='line_1_24' title="bbox 172 2812 1220 2899; baseline 0.006 -24"><span class='ocrx_word' id='word_1_178' title='bbox 172 2812 290 2896; x_wconf 71' lang='lat' dir='ltr'>ctpotes</span> <span class='ocrx_word' id='word_1_179' title='bbox 312 2814 518 2899; x_wconf 70' lang='lat' dir='ltr'>oepiditotem,</span> <span class='ocrx_word' id='word_1_180' title='bbox 531 2815 586 2879; x_wconf 82' lang='lat' dir='ltr'>vix</span> <span class='ocrx_word' id='word_1_181' title='bbox 607 2821 641 2878; x_wconf 87' lang='lat' dir='ltr'>et</span> <span class='ocrx_word' id='word_1_182' title='bbox 662 2836 703 2878; x_wconf 89' lang='lat' dir='ltr'>ne</span> <span class='ocrx_word' id='word_1_183' title='bbox 723 2814 776 2878; x_wconf 87' lang='lat' dir='ltr'>vix</span> <span class='ocrx_word' id='word_1_184' title='bbox 795 2813 924 2899; x_wconf 89' lang='lat' dir='ltr'>quidem</span> <span class='ocrx_word' id='word_1_185' title='bbox 945 2814 1137 2878; x_wconf 90' lang='lat' dir='ltr'>credendum</span> <span class='ocrx_word' id='word_1_186' title='bbox 1159 2823 1220 2893; x_wconf 86' lang='lat' dir='ltr'>cst,</span> 
     </span>
     <span class='ocr_line' id='line_1_25' title="bbox 172 2916 1219 3001; baseline 0.005 -24"><span class='ocrx_word' id='word_1_187' title='bbox 172 2922 241 2977; x_wconf 89' lang='lat' dir='ltr'>tum</span> <span class='ocrx_word' id='word_1_188' title='bbox 256 2916 409 3000; x_wconf 90' lang='lat' dir='ltr'>temporis</span> <span class='ocrx_word' id='word_1_189' title='bbox 428 2916 621 2981; x_wconf 87' lang='lat' dir='ltr'>sacrificasse</span> <span class='ocrx_word' id='word_1_190' title='bbox 644 2916 826 2994; x_wconf 91' lang='lat' dir='ltr'>Meletium,</span> <span class='ocrx_word' id='word_1_191' title='bbox 839 2916 941 3001; x_wconf 78' lang='lat' dir='ltr'>magis</span> <span class='ocrx_word' id='word_1_192' title='bbox 955 2938 1030 2981; x_wconf 86' lang='lat' dir='ltr'>vero</span> <span class='ocrx_word' id='word_1_193' title='bbox 1049 2923 1163 3001; x_wconf 87' lang='lat' dir='ltr'>postea</span> <span class='ocrx_word' id='word_1_194' title='bbox 1176 2917 1219 2982; x_wconf 88' lang='lat' dir='ltr'>ab</span> 
     </span>
     <span class='ocr_line' id='line_1_26' title="bbox 172 3016 722 3101; baseline 0.005 -22"><span class='ocrx_word' id='word_1_195' title='bbox 172 3038 210 3079; x_wconf 91' lang='lat' dir='ltr'>eo</span> <span class='ocrx_word' id='word_1_196' title='bbox 225 3025 390 3101; x_wconf 87' lang='lat' dir='ltr'>patratum</span> <span class='ocrx_word' id='word_1_197' title='bbox 404 3040 473 3082; x_wconf 89' lang='lat' dir='ltr'>esse</span> <span class='ocrx_word' id='word_1_198' title='bbox 487 3016 547 3082; x_wconf 93' lang='lat' dir='ltr'>hoc</span> <span class='ocrx_word' id='word_1_199' title='bbox 561 3017 722 3082; x_wconf 89' lang='lat' dir='ltr'>delictum.</span> 
     </span>
    </p>

    <p class='ocr_par' dir='ltr' id='par_1_3' title="bbox 165 3119 1218 4321">
     <span class='ocr_line' id='line_1_27' title="bbox 215 3119 1218 3206; baseline 0.003 -24"><span class='ocrx_word' id='word_1_200' title='bbox 215 3120 366 3183; x_wconf 90' lang='lat' dir='ltr'>Ceterum</span> <span class='ocrx_word' id='word_1_201' title='bbox 380 3125 454 3204; x_wconf 87' lang='lat' dir='ltr'>post</span> <span class='ocrx_word' id='word_1_202' title='bbox 474 3120 595 3205; x_wconf 84' lang='lat' dir='ltr'>sopitas</span> <span class='ocrx_word' id='word_1_203' title='bbox 616 3142 637 3185; x_wconf 88' lang='lat' dir='ltr'>a</span> <span class='ocrx_word' id='word_1_204' title='bbox 651 3120 792 3185; x_wconf 80' lang='lat' dir='ltr'>Ooneilio</span> <span class='ocrx_word' id='word_1_205' title='bbox 807 3120 938 3185; x_wconf 85' lang='lat' dir='ltr'>Nicaeno</span> <span class='ocrx_word' id='word_1_206' title='bbox 959 3120 1019 3184; x_wconf 90' lang='lat' dir='ltr'>has</span> <span class='ocrx_word' id='word_1_207' title='bbox 1037 3119 1121 3198; x_wconf 90' lang='lat' dir='ltr'>lites,</span> <span class='ocrx_word' id='word_1_208' title='bbox 1136 3121 1218 3206; x_wconf 87' lang='lat' dir='ltr'>jam-</span> 
     </span>
     <span class='ocr_line' id='line_1_28' title="bbox 165 3219 1218 3307; baseline 0.004 -25"><span class='ocrx_word' id='word_1_209' title='bbox 165 3219 235 3305; x_wconf 91' lang='lat' dir='ltr'>jam</span> <span class='ocrx_word' id='word_1_210' title='bbox 249 3220 421 3285; x_wconf 88' lang='lat' dir='ltr'>moriturus</span> <span class='ocrx_word' id='word_1_211' title='bbox 436 3220 589 3286; x_wconf 91' lang='lat' dir='ltr'>Meletius</span> <span class='ocrx_word' id='word_1_212' title='bbox 602 3221 625 3285; x_wconf 85' lang='lat' dir='ltr'><strong>J</strong></span> <span class='ocrx_word' id='word_1_213' title='bbox 627 3244 761 3287; x_wconf 90' lang='lat' dir='ltr'>oannem</span> <span class='ocrx_word' id='word_1_214' title='bbox 776 3223 934 3307; x_wconf 87' lang='lat' dir='ltr'>quendam</span> <span class='ocrx_word' id='word_1_215' title='bbox 953 3222 986 3285; x_wconf 94' lang='lat' dir='ltr'>in</span> <span class='ocrx_word' id='word_1_216' title='bbox 1005 3243 1097 3285; x_wconf 93' lang='lat' dir='ltr'>suum</span> <span class='ocrx_word' id='word_1_217' title='bbox 1115 3221 1218 3286; x_wconf 91' lang='lat' dir='ltr'>locum</span> 
     </span>
     <span class='ocr_line' id='line_1_29' title="bbox 170 3322 1218 3408; baseline 0.004 -24"><span class='ocrx_word' id='word_1_218' title='bbox 170 3322 359 3407; x_wconf 78' lang='lat' dir='ltr'>subrogasse</span> <span class='ocrx_word' id='word_1_219' title='bbox 378 3323 498 3399; x_wconf 84' lang='lat' dir='ltr'>fertur;</span> <span class='ocrx_word' id='word_1_220' title='bbox 523 3345 586 3408; x_wconf 93' lang='lat' dir='ltr'>quo</span> <span class='ocrx_word' id='word_1_221' title='bbox 605 3322 690 3388; x_wconf 86' lang='lat' dir='ltr'>iacto</span> <span class='ocrx_word' id='word_1_222' title='bbox 714 3323 880 3388; x_wconf 84' lang='lat' dir='ltr'>Meletiani</span> <span class='ocrx_word' id='word_1_223' title='bbox 902 3345 973 3388; x_wconf 89' lang='lat' dir='ltr'>oum</span> <span class='ocrx_word' id='word_1_224' title='bbox 993 3323 1124 3388; x_wconf 85' lang='lat' dir='ltr'>Arianis</span> <span class='ocrx_word' id='word_1_225' title='bbox 1145 3346 1218 3389; x_wconf 88' lang='lat' dir='ltr'>eon-</span> 
     </span>
     <span class='ocr_line' id='line_1_30' title="bbox 166 3422 1218 3510; baseline 0.005 -24"><span class='ocrx_word' id='word_1_226' title='bbox 166 3422 270 3506; x_wconf 90' lang='lat' dir='ltr'>junoti</span> <span class='ocrx_word' id='word_1_227' title='bbox 295 3424 459 3489; x_wconf 88' lang='lat' dir='ltr'>ecclesiam</span> <span class='ocrx_word' id='word_1_228' title='bbox 484 3425 616 3490; x_wconf 89' lang='lat' dir='ltr'>turbare</span> <span class='ocrx_word' id='word_1_229' title='bbox 638 3432 866 3510; x_wconf 82' lang='lat' dir='ltr'>perrexemnt3</span> <span class='ocrx_word' id='word_1_230' title='bbox 895 3426 943 3489; x_wconf 93' lang='lat' dir='ltr'>uti</span> <span class='ocrx_word' id='word_1_231' title='bbox 966 3432 1100 3490; x_wconf 86' lang='lat' dir='ltr'>narrant</span> <span class='ocrx_word' id='word_1_232' title='bbox 1123 3426 1218 3491; x_wconf 86' lang='lat' dir='ltr'>Sozo-</span> 
     </span>
     <span class='ocr_line' id='line_1_31' title="bbox 170 3526 1218 3613; baseline 0.003 -24"><span class='ocrx_word' id='word_1_233' title='bbox 170 3547 280 3590; x_wconf 90' lang='lat' dir='ltr'>menus</span> <span class='ocrx_word' id='word_1_234' title='bbox 301 3527 334 3589; x_wconf 95' lang='lat' dir='ltr'>in</span> <span class='ocrx_word' id='word_1_235' title='bbox 355 3526 407 3591; x_wconf 91' lang='lat' dir='ltr'>lib.</span> <span class='ocrx_word' id='word_1_236' title='bbox 418 3528 451 3593; x_wconf 87' lang='lat' dir='ltr'>ii.</span> <span class='ocrx_word' id='word_1_237' title='bbox 468 3528 552 3591; x_wconf 70' lang='lat' dir='ltr'>Hier.</span> <span class='ocrx_word' id='word_1_238' title='bbox 569 3548 632 3591; x_wconf 84' lang='lat' dir='ltr'>suae</span> <span class='ocrx_word' id='word_1_239' title='bbox 649 3548 739 3612; x_wconf 90' lang='lat' dir='ltr'>capp.</span> <span class='ocrx_word' id='word_1_240' title='bbox 752 3544 890 3611; x_wconf 79' lang='lat'>21-23.</span> <span class='ocrx_word' id='word_1_241' title='bbox 911 3537 943 3591; x_wconf 88' lang='lat' dir='ltr'>et</span> <span class='ocrx_word' id='word_1_242' title='bbox 964 3526 1163 3613; x_wconf 85' lang='lat' dir='ltr'>Epiphanius</span> <span class='ocrx_word' id='word_1_243' title='bbox 1184 3528 1218 3592; x_wconf 94' lang='lat' dir='ltr'>in</span> 
     </span>
     <span class='ocr_line' id='line_1_32' title="bbox 169 3628 1217 3713; baseline 0.001 -22"><span class='ocrx_word' id='word_1_244' title='bbox 169 3628 343 3712; x_wconf 84' lang='lat' dir='ltr'>posteriore</span> <span class='ocrx_word' id='word_1_245' title='bbox 357 3636 450 3713; x_wconf 86' lang='lat' dir='ltr'>parte</span> <span class='ocrx_word' id='word_1_246' title='bbox 464 3630 581 3693; x_wconf 74' lang='lat' dir='ltr'>Horas.</span> <span class='ocrx_word' id='word_1_247' title='bbox 595 3628 693 3693; x_wconf 84' lang='lat' dir='ltr'><strong>lxviii.</strong></span> <span class='ocrx_word' id='word_1_248' title='bbox 713 3650 783 3713; x_wconf 77' lang='lat' dir='ltr'>quae</span> <span class='ocrx_word' id='word_1_249' title='bbox 797 3628 1035 3693; x_wconf 60' lang='lat' dir='ltr'>Malacam</span> <span class='ocrx_word' id='word_1_250' title='bbox 1049 3636 1107 3694; x_wconf 90' lang='lat' dir='ltr'>est.</span> <span class='ocrx_word' id='word_1_251' title='bbox 1142 3628 1217 3693; x_wconf 91' lang='lat' dir='ltr'><strong>Phi·</strong></span> 
     </span>
     <span class='ocr_line' id='line_1_33' title="bbox 168 3725 1217 3807; baseline 0.006 -18"><span class='ocrx_word' id='word_1_252' title='bbox 168 3725 297 3793; x_wconf 90' lang='lat' dir='ltr'>lastrius</span> <span class='ocrx_word' id='word_1_253' title='bbox 312 3730 421 3807; x_wconf 85' lang='lat' dir='ltr'>refert,</span> <span class='ocrx_word' id='word_1_254' title='bbox 440 3728 632 3794; x_wconf 87' lang='lat' dir='ltr'>Meletianos</span> <span class='ocrx_word' id='word_1_255' title='bbox 651 3730 848 3794; x_wconf 86' lang='lat' dir='ltr'>orthodoxos</span> <span class='ocrx_word' id='word_1_256' title='bbox 866 3730 951 3807; x_wconf 90' lang='lat' dir='ltr'>licet,</span> <span class='ocrx_word' id='word_1_257' title='bbox 969 3730 1217 3795; x_wconf 86' lang='lat' dir='ltr'>communicasse</span> 
     </span>
     <span class='ocr_line' id='line_1_34' title="bbox 168 3830 1217 3917; baseline 0.004 -24"><span class='ocrx_word' id='word_1_258' title='bbox 168 3851 239 3893; x_wconf 91' lang='lat' dir='ltr'>oum</span> <span class='ocrx_word' id='word_1_259' title='bbox 263 3831 420 3896; x_wconf 77' lang='lat' dir='ltr'>haereticis</span> <span class='ocrx_word' id='word_1_260' title='bbox 443 3831 564 3916; x_wconf 88' lang='lat' dir='ltr'>pariter</span> <span class='ocrx_word' id='word_1_261' title='bbox 587 3852 625 3895; x_wconf 89' lang='lat' dir='ltr'>ae</span> <span class='ocrx_word' id='word_1_262' title='bbox 645 3852 717 3895; x_wconf 88' lang='lat' dir='ltr'>oum</span> <span class='ocrx_word' id='word_1_263' title='bbox 739 3830 871 3895; x_wconf 87' lang='lat' dir='ltr'>ecclesia</span> <span class='ocrx_word' id='word_1_264' title='bbox 892 3830 1068 3908; x_wconf 81' lang='lat' dir='ltr'>catholica3</span> <span class='ocrx_word' id='word_1_265' title='bbox 1089 3852 1217 3917; x_wconf 76' lang='lat' dir='ltr'>quoram</span> 
     </span>
     <span class='ocr_line' id='line_1_35' title="bbox 167 3932 1217 4019; baseline 0.001 -24"><span class='ocrx_word' id='word_1_266' title='bbox 167 3952 234 3995; x_wconf 76' lang='lat' dir='ltr'>aaa</span> <span class='ocrx_word' id='word_1_267' title='bbox 254 3934 429 4019; x_wconf 66' lang='grc' dir='ltr'>σοφιουίεεσι</span> <span class='ocrx_word' id='word_1_268' title='bbox 446 3932 684 4014; x_wconf 71' lang='lat' dir='ltr'>htdiffereaticaa</span> <span class='ocrx_word' id='word_1_269' title='bbox 705 3942 830 3997; x_wconf 66' lang='lat' dir='ltr'>meones</span> <span class='ocrx_word' id='word_1_270' title='bbox 849 3954 895 3996; x_wconf 86' lang='lat' dir='ltr'>eos</span> <span class='ocrx_word' id='word_1_271' title='bbox 918 3954 981 3998; x_wconf 76' lang='lat' dir='ltr'>asc</span> <span class='ocrx_word' id='word_1_272' title='bbox 1004 3934 1217 3997; x_wconf 62' lang='lat' dir='ltr'>mantuanis</span> 
     </span>
     <span class='ocr_line' id='line_1_36' title="bbox 167 4031 1216 4120; baseline -0.003 -22"><span class='ocrx_word' id='word_1_273' title='bbox 167 4034 261 4115; x_wconf 70' lang='lat' dir='ltr'>effecd</span> <span class='ocrx_word' id='word_1_274' title='bbox 285 4034 405 4100; x_wconf 65' lang='lat' dir='ltr'>actea</span> <span class='ocrx_word' id='word_1_275' title='bbox 430 4033 586 4101; x_wconf 79' lang='lat' dir='ltr'>catholieo.</span> <span class='ocrx_word' id='word_1_276' title='bbox 630 4036 680 4097; x_wconf 81' lang='lat' dir='ltr'>Da</span> <span class='ocrx_word' id='word_1_277' title='bbox 705 4031 882 4097; x_wconf 61' lang='lat' dir='ltr'>Hermaites</span> <span class='ocrx_word' id='word_1_278' title='bbox 907 4055 977 4120; x_wconf 90' lang='lat' dir='ltr'>cap.</span> <span class='ocrx_word' id='word_1_279' title='bbox 994 4054 1047 4118; x_wconf 90' lang='lat'>90.</span> <span class='ocrx_word' id='word_1_280' title='bbox 1105 4032 1216 4097; x_wconf 88' lang='lat' dir='ltr'>Etiam</span> 
     </span>
     <span class='ocr_line' id='line_1_37' title="bbox 167 4132 1214 4221; baseline 0.005 -27"><span class='ocrx_word' id='word_1_281' title='bbox 167 4132 277 4214; x_wconf 90' lang='lat' dir='ltr'>quinto</span> <span class='ocrx_word' id='word_1_282' title='bbox 302 4133 441 4198; x_wconf 83' lang='lat' dir='ltr'>ecclesiae</span> <span class='ocrx_word' id='word_1_283' title='bbox 470 4134 585 4198; x_wconf 83' lang='lat' dir='ltr'>saeeulo</span> <span class='ocrx_word' id='word_1_284' title='bbox 613 4135 698 4199; x_wconf 89' lang='lat' dir='ltr'>idem</span> <span class='ocrx_word' id='word_1_285' title='bbox 726 4135 832 4199; x_wconf 90' lang='lat' dir='ltr'>adhuc</span> <span class='ocrx_word' id='word_1_286' title='bbox 862 4135 1039 4221; x_wconf 87' lang='lat' dir='ltr'>perstitisse</span> <span class='ocrx_word' id='word_1_287' title='bbox 1066 4134 1214 4210; x_wconf 85' lang='lat' dir='ltr'>schisma,</span> 
     </span>
     <span class='ocr_line' id='line_1_38' title="bbox 166 4231 1006 4321; baseline 0.006 -27"><span class='ocrx_word' id='word_1_288' title='bbox 166 4231 264 4317; x_wconf 87' lang='lat' dir='ltr'>liquet</span> <span class='ocrx_word' id='word_1_289' title='bbox 278 4257 320 4299; x_wconf 86' lang='lat' dir='ltr'>ex</span> <span class='ocrx_word' id='word_1_290' title='bbox 335 4234 534 4301; x_wconf 86' lang='lat' dir='ltr'>Theodorcti</span> <span class='ocrx_word' id='word_1_291' title='bbox 548 4236 661 4301; x_wconf 67' lang='lat' dir='ltr'>Haeret.</span> <span class='ocrx_word' id='word_1_292' title='bbox 678 4235 755 4301; x_wconf 75' lang='lat' dir='ltr'>Fet.</span> <span class='ocrx_word' id='word_1_293' title='bbox 770 4236 825 4300; x_wconf 93' lang='lat' dir='ltr'>lib.</span> <span class='ocrx_word' id='word_1_294' title='bbox 836 4237 877 4302; x_wconf 86' lang='lat' dir='ltr'>iv.</span> <span class='ocrx_word' id='word_1_295' title='bbox 892 4258 962 4321; x_wconf 87' lang='lat' dir='ltr'>cap.</span> <span class='ocrx_word' id='word_1_296' title='bbox 974 4254 1006 4317; x_wconf 86' lang='lat'>7.</span> 
     </span>
    </p>
   </div>
   <div class='ocr_carea' id='block_1_3' title="bbox 0 0 1626 5150">
    <p class='ocr_par' dir='ltr' id='par_1_4' title="bbox 0 0 1626 5150">
     <span class='ocr_line' id='line_1_39' title="bbox 0 0 1626 5150; baseline 0 4"><span class='ocrx_word' id='word_1_297' title='bbox 0 0 1626 5150; x_wconf 95' lang='lat' dir='ltr'> </span> 
     </span>
    </p>
   </div>
  </div>
 </body>
</html>
