<?xml version="1.0" encoding="UTF-8"?>
<!DOCTYPE html PUBLIC "-//W3C//DTD XHTML 1.0 Transitional//EN"
    "http://www.w3.org/TR/xhtml1/DTD/xhtml1-transitional.dtd">
<html xmlns="http://www.w3.org/1999/xhtml" xml:lang="en" lang="en">
 <head>
  <title>
</title>
<meta http-equiv="Content-Type" content="text/html;charset=utf-8" />
  <meta name='ocr-system' content='tesseract 3.04.00' />
  <meta name='ocr-capabilities' content='ocr_page ocr_carea ocr_par ocr_line ocrx_word'/>
</head>
<body>
  <div class='ocr_page' id='page_1' title='image "./reliquiaesacrae12routgoog_0150.png"; bbox 0 0 3242 5150; ppageno 0'>
   <div class='ocr_carea' id='block_1_1' title="bbox 382 379 1085 448">
    <p class='ocr_par' dir='ltr' id='par_1_1' title="bbox 382 379 1085 448">
     <span class='ocr_line' id='line_1_1' title="bbox 382 379 1085 448; baseline -0.006 -2"><span class='ocrx_word' id='word_1_1' title='bbox 382 385 446 448; x_wconf 74' lang='grc'>140</span> <span class='ocrx_word' id='word_1_2' title='bbox 733 379 1085 446; x_wconf 80' lang='lat' dir='ltr'><strong>ANNOTATIONES</strong></span> 
     </span>
    </p>
   </div>
   <div class='ocr_carea' id='block_1_2' title="bbox 382 509 1434 634">
    <p class='ocr_par' dir='ltr' id='par_1_2' title="bbox 382 509 1434 634">
     <span class='ocr_line' id='line_1_2' title="bbox 382 509 1434 634; baseline -0.003 -17"><span class='ocrx_word' id='word_1_3' title='bbox 382 575 456 618; x_wconf 87' lang='lat' dir='ltr'>num</span> <span class='ocrx_word' id='word_1_4' title='bbox 473 509 569 618; x_wconf 81' lang='lat' dir='ltr'>istum</span> <span class='ocrx_word' id='word_1_5' title='bbox 585 552 668 616; x_wconf 87' lang='lat' dir='ltr'>diem</span> <span class='ocrx_word' id='word_1_6' title='bbox 685 552 870 616; x_wconf 87' lang='lat' dir='ltr'>Paschaiem</span> <span class='ocrx_word' id='word_1_7' title='bbox 886 551 1050 634; x_wconf 71' lang='lat' dir='ltr'>praecedit,</span> <span class='ocrx_word' id='word_1_8' title='bbox 1064 548 1183 630; x_wconf 85' lang='grc' dir='ltr'>μεγάλη</span> <span class='ocrx_word' id='word_1_9' title='bbox 1202 551 1332 628; x_wconf 72' lang='grc' dir='ltr'>ἑβδομὰς</span> <span class='ocrx_word' id='word_1_10' title='bbox 1346 557 1434 614; x_wconf 82' lang='lat' dir='ltr'>vete·</span> 
     </span>
    </p>
   </div>
   <div class='ocr_carea' id='block_1_3' title="bbox 381 652 1437 2751">
    <p class='ocr_par' dir='ltr' id='par_1_3' title="bbox 381 652 1435 1147">
     <span class='ocr_line' id='line_1_3' title="bbox 383 652 1433 739; baseline -0.001 -21"><span class='ocrx_word' id='word_1_11' title='bbox 383 657 471 721; x_wconf 87' lang='lat' dir='ltr'>ribus</span> <span class='ocrx_word' id='word_1_12' title='bbox 484 655 600 739; x_wconf 86' lang='lat' dir='ltr'>passim</span> <span class='ocrx_word' id='word_1_13' title='bbox 613 665 823 739; x_wconf 87' lang='lat' dir='ltr'>nuncupatur.</span> <span class='ocrx_word' id='word_1_14' title='bbox 837 652 1064 716; x_wconf 78' lang='lat' dir='ltr'>BEVEREG.</span> <span class='ocrx_word' id='word_1_15' title='bbox 1080 653 1224 716; x_wconf 87' lang='lat' dir='ltr'>Zonaras</span> <span class='ocrx_word' id='word_1_16' title='bbox 1233 676 1241 715; x_wconf 73' lang='grc' dir='ltr'>ι</span> <span class='ocrx_word' id='word_1_17' title='bbox 1250 652 1387 734; x_wconf 77' lang='grc' dir='ltr'>μεγάλην</span> <span class='ocrx_word' id='word_1_18' title='bbox 1398 655 1433 718; x_wconf 65' lang='lat' dir='ltr'>ti</span> 
     </span>
     <span class='ocr_line' id='line_1_4' title="bbox 381 755 1434 839; baseline 0 -20"><span class='ocrx_word' id='word_1_19' title='bbox 381 757 493 837; x_wconf 82' lang='grc' dir='ltr'>ἡμέραν</span> <span class='ocrx_word' id='word_1_20' title='bbox 517 757 552 819; x_wconf 84' lang='grc' dir='ltr'>τὸ</span> <span class='ocrx_word' id='word_1_21' title='bbox 576 757 662 838; x_wconf 83' lang='grc' dir='ltr'>άγιον</span> <span class='ocrx_word' id='word_1_22' title='bbox 685 758 791 839; x_wconf 84' lang='grc' dir='ltr'>πάσχα</span> <span class='ocrx_word' id='word_1_23' title='bbox 813 757 979 835; x_wconf 84' lang='grc' dir='ltr'>ὠνόμασεν,</span> <span class='ocrx_word' id='word_1_24' title='bbox 1004 755 1058 832; x_wconf 79' lang='grc' dir='ltr'>τὴν</span> <span class='ocrx_word' id='word_1_25' title='bbox 1083 760 1136 818; x_wconf 82' lang='grc' dir='ltr'>τοῦ</span> <span class='ocrx_word' id='word_1_26' title='bbox 1159 758 1269 836; x_wconf 81' lang='grc' dir='ltr'>Κυρίου</span> <span class='ocrx_word' id='word_1_27' title='bbox 1292 758 1434 834; x_wconf 80' lang='grc' dir='ltr'>δηλονότι</span> 
     </span>
     <span class='ocr_line' id='line_1_5' title="bbox 382 856 1433 942; baseline -0.002 -20"><span class='ocrx_word' id='word_1_28' title='bbox 382 859 560 922; x_wconf 78' lang='grc' dir='ltr'>ἀνάστασιν.</span> <span class='ocrx_word' id='word_1_29' title='bbox 606 860 758 922; x_wconf 83' lang='lat' dir='ltr'>Ceterum</span> <span class='ocrx_word' id='word_1_30' title='bbox 786 880 827 922; x_wconf 89' lang='lat' dir='ltr'>ex</span> <span class='ocrx_word' id='word_1_31' title='bbox 856 856 978 940; x_wconf 90' lang='lat' dir='ltr'>reliquo</span> <span class='ocrx_word' id='word_1_32' title='bbox 1007 865 1136 921; x_wconf 87' lang='lat' dir='ltr'>constat</span> <span class='ocrx_word' id='word_1_33' title='bbox 1164 879 1294 931; x_wconf 87' lang='lat' dir='ltr'>canone,</span> <span class='ocrx_word' id='word_1_34' title='bbox 1325 857 1433 942; x_wconf 85' lang='lat' dir='ltr'>plures</span> 
     </span>
     <span class='ocr_line' id='line_1_6' title="bbox 381 958 1435 1043; baseline -0.001 -19"><span class='ocrx_word' id='word_1_35' title='bbox 381 967 512 1024; x_wconf 86' lang='lat' dir='ltr'>exactos</span> <span class='ocrx_word' id='word_1_36' title='bbox 527 960 622 1024; x_wconf 80' lang='lat' dir='ltr'>fuisse</span> <span class='ocrx_word' id='word_1_37' title='bbox 637 983 760 1024; x_wconf 88' lang='lat' dir='ltr'>manses</span> <span class='ocrx_word' id='word_1_38' title='bbox 775 959 858 1023; x_wconf 91' lang='lat' dir='ltr'>inter</span> <span class='ocrx_word' id='word_1_39' title='bbox 873 959 984 1043; x_wconf 80' lang='lat' dir='ltr'>synodi</span> <span class='ocrx_word' id='word_1_40' title='bbox 999 959 1244 1022; x_wconf 86' lang='lat' dir='ltr'>celebrationem</span> <span class='ocrx_word' id='word_1_41' title='bbox 1259 967 1292 1023; x_wconf 91' lang='lat' dir='ltr'>et</span> <span class='ocrx_word' id='word_1_42' title='bbox 1312 958 1435 1042; x_wconf 83' lang='lat' dir='ltr'>pascha</span> 
     </span>
     <span class='ocr_line' id='line_1_7' title="bbox 384 1061 687 1147; baseline 0.007 -23"><span class='ocrx_word' id='word_1_43' title='bbox 384 1061 529 1147; x_wconf 85' lang='lat' dir='ltr'>proxime</span> <span class='ocrx_word' id='word_1_44' title='bbox 543 1083 687 1145; x_wconf 88' lang='lat' dir='ltr'>sequens.</span> 
     </span>
    </p>

    <p class='ocr_par' dir='ltr' id='par_1_4' title="bbox 428 1160 1431 1249">
     <span class='ocr_line' id='line_1_8' title="bbox 428 1160 1431 1249; baseline -0.002 -23"><span class='ocrx_word' id='word_1_45' title='bbox 428 1163 465 1226; x_wconf 91' lang='lat' dir='ltr'>P.</span> <span class='ocrx_word' id='word_1_46' title='bbox 479 1184 492 1226; x_wconf 93' lang='lat'>1</span> <span class='ocrx_word' id='word_1_47' title='bbox 504 1181 549 1243; x_wconf 77' lang='grc' dir='ltr'>ιγ.</span> <span class='ocrx_word' id='word_1_48' title='bbox 561 1162 581 1226; x_wconf 89' lang='lat'>1.</span> <span class='ocrx_word' id='word_1_49' title='bbox 593 1185 624 1249; x_wconf 87' lang='lat'>3.</span> <span class='ocrx_word' id='word_1_50' title='bbox 634 1164 724 1246; x_wconf 80' lang='grc' dir='ltr'>χωρὶς</span> <span class='ocrx_word' id='word_1_51' title='bbox 733 1163 923 1246; x_wconf 80' lang='grc' dir='ltr'>προσφοράς]</span> <span class='ocrx_word' id='word_1_52' title='bbox 935 1161 1012 1226; x_wconf 87' lang='lat' dir='ltr'>Vid.</span> <span class='ocrx_word' id='word_1_53' title='bbox 1023 1171 1132 1226; x_wconf 88' lang='lat' dir='ltr'>notam</span> <span class='ocrx_word' id='word_1_54' title='bbox 1142 1162 1289 1246; x_wconf 85' lang='lat' dir='ltr'>suprasd</span> <span class='ocrx_word' id='word_1_55' title='bbox 1298 1161 1377 1226; x_wconf 82' lang='lat' dir='ltr'>Gan.</span> <span class='ocrx_word' id='word_1_56' title='bbox 1387 1160 1431 1224; x_wconf 82' lang='lat' dir='ltr'>V.</span> 
     </span>
    </p>

    <p class='ocr_par' dir='ltr' id='par_1_5' title="bbox 383 1262 1435 1754">
     <span class='ocr_line' id='line_1_9' title="bbox 429 1262 1434 1350; baseline -0.001 -24"><span class='ocrx_word' id='word_1_57' title='bbox 429 1264 510 1328; x_wconf 87' lang='lat' dir='ltr'>ibid.</span> <span class='ocrx_word' id='word_1_58' title='bbox 526 1265 547 1328; x_wconf 95' lang='lat' dir='ltr'>l.</span> <span class='ocrx_word' id='word_1_59' title='bbox 565 1283 593 1346; x_wconf 86' lang='lat'>7.</span> <span class='ocrx_word' id='word_1_60' title='bbox 610 1263 663 1342; x_wconf 75' lang='grc' dir='ltr'>τὴν</span> <span class='ocrx_word' id='word_1_61' title='bbox 679 1264 774 1346; x_wconf 78' lang='grc' dir='ltr'>ἀρχὴν</span> <span class='ocrx_word' id='word_1_62' title='bbox 789 1268 839 1337; x_wconf 77' lang='grc' dir='ltr'>τῆς</span> <span class='ocrx_word' id='word_1_63' title='bbox 855 1265 1001 1350; x_wconf 75' lang='grc' dir='ltr'>ἑξαετίαι]</span> <span class='ocrx_word' id='word_1_64' title='bbox 1027 1263 1168 1328; x_wconf 84' lang='lat' dir='ltr'>Mutavit</span> <span class='ocrx_word' id='word_1_65' title='bbox 1187 1264 1254 1328; x_wconf 80' lang='lat' dir='ltr'>haec</span> <span class='ocrx_word' id='word_1_66' title='bbox 1273 1285 1344 1327; x_wconf 84' lang='lat' dir='ltr'>cum</span> <span class='ocrx_word' id='word_1_67' title='bbox 1364 1262 1434 1326; x_wconf 90' lang='lat' dir='ltr'>solo</span> 
     </span>
     <span class='ocr_line' id='line_1_10' title="bbox 385 1363 1434 1449; baseline -0.003 -20"><span class='ocrx_word' id='word_1_68' title='bbox 385 1365 439 1444; x_wconf 80' lang='grc' dir='ltr'>τὴν</span> <span class='ocrx_word' id='word_1_69' title='bbox 455 1369 590 1443; x_wconf 77' lang='grc' dir='ltr'>ἑξαετίαν</span> <span class='ocrx_word' id='word_1_70' title='bbox 606 1365 805 1449; x_wconf 86' lang='lat' dir='ltr'>Bevoregius,</span> <span class='ocrx_word' id='word_1_71' title='bbox 821 1365 906 1448; x_wconf 91' lang='lat' dir='ltr'>quod</span> <span class='ocrx_word' id='word_1_72' title='bbox 921 1364 1080 1448; x_wconf 74' lang='lat' dir='ltr'>posterius</span> <span class='ocrx_word' id='word_1_73' title='bbox 1094 1387 1134 1427; x_wconf 82' lang='lat' dir='ltr'>er</span> <span class='ocrx_word' id='word_1_74' title='bbox 1148 1363 1225 1428; x_wconf 77' lang='lat' dir='ltr'>libro</span> <span class='ocrx_word' id='word_1_75' title='bbox 1236 1386 1295 1427; x_wconf 89' lang='lat' dir='ltr'>suo</span> <span class='ocrx_word' id='word_1_76' title='bbox 1310 1363 1434 1427; x_wconf 75' lang='lat' dir='ltr'>Bodlei-</span> 
     </span>
     <span class='ocr_line' id='line_1_11' title="bbox 383 1465 1435 1550; baseline -0.003 -20"><span class='ocrx_word' id='word_1_77' title='bbox 383 1466 626 1550; x_wconf 79' lang='lat' dir='ltr'>consumpsisse</span> <span class='ocrx_word' id='word_1_78' title='bbox 648 1465 783 1538; x_wconf 89' lang='lat' dir='ltr'>videtur,</span> <span class='ocrx_word' id='word_1_79' title='bbox 803 1465 940 1529; x_wconf 83' lang='lat' dir='ltr'>certain</span> <span class='ocrx_word' id='word_1_80' title='bbox 960 1465 1074 1529; x_wconf 87' lang='lat' dir='ltr'>ceteris</span> <span class='ocrx_word' id='word_1_81' title='bbox 1093 1465 1179 1530; x_wconf 88' lang='lat' dir='ltr'>haud</span> <span class='ocrx_word' id='word_1_82' title='bbox 1199 1465 1361 1528; x_wconf 87' lang='lat' dir='ltr'>inventurn</span> <span class='ocrx_word' id='word_1_83' title='bbox 1382 1486 1435 1528; x_wconf 88' lang='lat' dir='ltr'>oo-</span> 
     </span>
     <span class='ocr_line' id='line_1_12' title="bbox 385 1567 1435 1653; baseline -0.002 -21"><span class='ocrx_word' id='word_1_84' title='bbox 385 1569 507 1632; x_wconf 81' lang='lat' dir='ltr'>‹licibus</span> <span class='ocrx_word' id='word_1_85' title='bbox 522 1577 639 1653; x_wconf 70' lang='lat' dir='ltr'>prator</span> <span class='ocrx_word' id='word_1_86' title='bbox 659 1567 745 1631; x_wconf 88' lang='lat' dir='ltr'>illum</span> <span class='ocrx_word' id='word_1_87' title='bbox 763 1589 846 1638; x_wconf 69' lang='lat' dir='ltr'>utun</span> <span class='ocrx_word' id='word_1_88' title='bbox 860 1585 933 1648; x_wconf 82' lang='lat'>205.</span> <span class='ocrx_word' id='word_1_89' title='bbox 956 1567 1169 1650; x_wconf 87' lang='lat' dir='ltr'>designatum,</span> <span class='ocrx_word' id='word_1_90' title='bbox 1189 1577 1287 1651; x_wconf 90' lang='lat' dir='ltr'>atque</span> <span class='ocrx_word' id='word_1_91' title='bbox 1304 1567 1435 1631; x_wconf 81' lang='lat' dir='ltr'>codicem</span> 
     </span>
     <span class='ocr_line' id='line_1_13' title="bbox 390 1669 1169 1754; baseline -0.001 -21"><span class='ocrx_word' id='word_1_92' title='bbox 390 1691 398 1734; x_wconf 80' lang='grc' dir='ltr'>ι</span> <span class='ocrx_word' id='word_1_93' title='bbox 406 1672 458 1754; x_wconf 86' lang='lat'>58.</span> <span class='ocrx_word' id='word_1_94' title='bbox 504 1669 615 1752; x_wconf 85' lang='lat' dir='ltr'>Neque</span> <span class='ocrx_word' id='word_1_95' title='bbox 630 1671 662 1733; x_wconf 90' lang='lat' dir='ltr'>in</span> <span class='ocrx_word' id='word_1_96' title='bbox 677 1669 803 1752; x_wconf 77' lang='lat' dir='ltr'>Ldrpdii</span> <span class='ocrx_word' id='word_1_97' title='bbox 818 1669 902 1732; x_wconf 88' lang='lat' dir='ltr'>idem</span> <span class='ocrx_word' id='word_1_98' title='bbox 917 1669 1052 1732; x_wconf 77' lang='lat' dir='ltr'>extabat</span> <span class='ocrx_word' id='word_1_99' title='bbox 1067 1670 1169 1734; x_wconf 78' lang='lat' dir='ltr'>Msa.</span> 
     </span>
    </p>

    <p class='ocr_par' dir='ltr' id='par_1_6' title="bbox 384 1769 1437 2162">
     <span class='ocr_line' id='line_1_14' title="bbox 432 1769 1436 1851; baseline 0.001 -17"><span class='ocrx_word' id='word_1_100' title='bbox 432 1771 514 1835; x_wconf 88' lang='lat' dir='ltr'>lbid.</span> <span class='ocrx_word' id='word_1_101' title='bbox 531 1771 549 1832; x_wconf 94' lang='lat' dir='ltr'>l.</span> <span class='ocrx_word' id='word_1_102' title='bbox 568 1773 596 1833; x_wconf 87' lang='lat'>8.</span> <span class='ocrx_word' id='word_1_103' title='bbox 614 1774 640 1834; x_wconf 84' lang='grc' dir='ltr'>εί</span> <span class='ocrx_word' id='word_1_104' title='bbox 653 1771 756 1850; x_wconf 90' lang='grc' dir='ltr'>μέντοι</span> <span class='ocrx_word' id='word_1_105' title='bbox 771 1770 815 1837; x_wconf 84' lang='grc' dir='ltr'>τὶς</span> <span class='ocrx_word' id='word_1_106' title='bbox 829 1771 977 1851; x_wconf 78' lang='grc' dir='ltr'>κίνδυνος]</span> <span class='ocrx_word' id='word_1_107' title='bbox 1003 1770 1031 1834; x_wconf 86' lang='grc' dir='ltr'><strong>Ε</strong></span> <span class='ocrx_word' id='word_1_108' title='bbox 1046 1793 1096 1834; x_wconf 76' lang='lat' dir='ltr'>scs</span> <span class='ocrx_word' id='word_1_109' title='bbox 1109 1771 1170 1834; x_wconf 82' lang='lat' dir='ltr'>illis</span> <span class='ocrx_word' id='word_1_110' title='bbox 1189 1769 1337 1834; x_wconf 72' lang='lat' dir='ltr'>codicibus</span> <span class='ocrx_word' id='word_1_111' title='bbox 1352 1771 1436 1835; x_wconf 84' lang='lat' dir='ltr'>Bod-</span> 
     </span>
     <span class='ocr_line' id='line_1_15' title="bbox 385 1873 1436 1957; baseline 0.002 -19"><span class='ocrx_word' id='word_1_112' title='bbox 385 1875 505 1946; x_wconf 73' lang='grc' dir='ltr'>θιίαοίο,</span> <span class='ocrx_word' id='word_1_113' title='bbox 536 1873 588 1957; x_wconf 93' lang='lat' dir='ltr'>qui</span> <span class='ocrx_word' id='word_1_114' title='bbox 618 1873 812 1957; x_wconf 88' lang='lat' dir='ltr'>superiorem</span> <span class='ocrx_word' id='word_1_115' title='bbox 841 1880 970 1936; x_wconf 88' lang='lat' dir='ltr'>servant</span> <span class='ocrx_word' id='word_1_116' title='bbox 998 1873 1164 1937; x_wconf 86' lang='lat' dir='ltr'>lectionem</span> <span class='ocrx_word' id='word_1_117' title='bbox 1189 1874 1243 1952; x_wconf 73' lang='grc' dir='ltr'>την</span> <span class='ocrx_word' id='word_1_118' title='bbox 1265 1874 1361 1956; x_wconf 76' lang='grc' dir='ltr'>άρχῆν</span> <span class='ocrx_word' id='word_1_119' title='bbox 1386 1879 1436 1952; x_wconf 76' lang='grc' dir='ltr'>τῆς</span> 
     </span>
     <span class='ocr_line' id='line_1_16' title="bbox 384 1972 1437 2055; baseline 0.004 -18"><span class='ocrx_word' id='word_1_120' title='bbox 384 1975 526 2052; x_wconf 78' lang='grc' dir='ltr'>ἑξαετίακ,</span> <span class='ocrx_word' id='word_1_121' title='bbox 542 1981 639 2055; x_wconf 87' lang='lat' dir='ltr'>atque</span> <span class='ocrx_word' id='word_1_122' title='bbox 655 1995 694 2036; x_wconf 90' lang='lat' dir='ltr'>ex</span> <span class='ocrx_word' id='word_1_123' title='bbox 710 1972 731 2036; x_wconf 88' lang='lat' dir='ltr'><strong>J</strong></span> <span class='ocrx_word' id='word_1_124' title='bbox 733 1973 846 2037; x_wconf 86' lang='lat' dir='ltr'>oannis</span> <span class='ocrx_word' id='word_1_125' title='bbox 865 1975 1060 2038; x_wconf 86' lang='lat' dir='ltr'>Antiocheni</span> <span class='ocrx_word' id='word_1_126' title='bbox 1085 1976 1240 2039; x_wconf 75' lang='lat' dir='ltr'>Cononem</span> <span class='ocrx_word' id='word_1_127' title='bbox 1262 1975 1437 2041; x_wconf 64' lang='lat' dir='ltr'>odacar«</span> 
     </span>
     <span class='ocr_line' id='line_1_17' title="bbox 388 2075 1113 2162; baseline 0.001 -22"><span class='ocrx_word' id='word_1_128' title='bbox 388 2097 443 2140; x_wconf 91' lang='lat' dir='ltr'>seu</span> <span class='ocrx_word' id='word_1_129' title='bbox 458 2075 580 2157; x_wconf 65' lang='lat' dir='ltr'>Digresto</span> <span class='ocrx_word' id='word_1_130' title='bbox 596 2075 738 2138; x_wconf 88' lang='lat' dir='ltr'>voculam</span> <span class='ocrx_word' id='word_1_131' title='bbox 754 2079 797 2142; x_wconf 81' lang='grc' dir='ltr'>τὶς</span> <span class='ocrx_word' id='word_1_132' title='bbox 812 2077 843 2139; x_wconf 89' lang='lat' dir='ltr'>in</span> <span class='ocrx_word' id='word_1_133' title='bbox 859 2082 986 2140; x_wconf 84' lang='lat' dir='ltr'>textum</span> <span class='ocrx_word' id='word_1_134' title='bbox 1001 2077 1113 2162; x_wconf 79' lang='lat' dir='ltr'>recepi.</span> 
     </span>
    </p>

    <p class='ocr_par' dir='ltr' id='par_1_7' title="bbox 384 2175 1437 2751">
     <span class='ocr_line' id='line_1_18' title="bbox 433 2175 1437 2262; baseline 0.002 -22"><span class='ocrx_word' id='word_1_135' title='bbox 433 2177 516 2240; x_wconf 91' lang='lat' dir='ltr'>lbid.</span> <span class='ocrx_word' id='word_1_136' title='bbox 529 2175 547 2239; x_wconf 92' lang='lat' dir='ltr'>l.</span> <span class='ocrx_word' id='word_1_137' title='bbox 558 2197 589 2258; x_wconf 90' lang='lat'>9.</span> <span class='ocrx_word' id='word_1_138' title='bbox 602 2177 651 2240; x_wconf 76' lang='grc' dir='ltr'>ἐπὶ</span> <span class='ocrx_word' id='word_1_139' title='bbox 662 2178 720 2262; x_wconf 75' lang='grc' dir='ltr'>ὅρῳ</span> <span class='ocrx_word' id='word_1_140' title='bbox 732 2180 888 2261; x_wconf 79' lang='grc' dir='ltr'>δεχθῆναι]</span> <span class='ocrx_word' id='word_1_141' title='bbox 901 2179 1045 2242; x_wconf 82' lang='lat' dir='ltr'>Zonaras</span> <span class='ocrx_word' id='word_1_142' title='bbox 1054 2182 1226 2246; x_wconf 77' lang='lat' dir='ltr'>2—r0drovr</span> <span class='ocrx_word' id='word_1_143' title='bbox 1234 2179 1437 2261; x_wconf 76' lang='grc' dir='ltr'>άεχθήσεσθοι</span> 
     </span>
     <span class='ocr_line' id='line_1_19' title="bbox 384 2280 1437 2364; baseline 0.002 -22"><span class='ocrx_word' id='word_1_144' title='bbox 384 2281 440 2358; x_wconf 84' lang='grc' dir='ltr'>μὲν</span> <span class='ocrx_word' id='word_1_145' title='bbox 467 2280 509 2344; x_wconf 74' lang='grc' dir='ltr'>είς</span> <span class='ocrx_word' id='word_1_146' title='bbox 531 2281 687 2342; x_wconf 85' lang='grc' dir='ltr'>κοινωνίαν</span> <span class='ocrx_word' id='word_1_147' title='bbox 713 2285 771 2342; x_wconf 81' lang='grc' dir='ltr'>τῶν</span> <span class='ocrx_word' id='word_1_148' title='bbox 792 2281 886 2359; x_wconf 78' lang='grc' dir='ltr'>ἁγίων</span> <span class='ocrx_word' id='word_1_149' title='bbox 909 2282 1019 2360; x_wconf 84' lang='grc' dir='ltr'>δάρων,</span> <span class='ocrx_word' id='word_1_150' title='bbox 1042 2282 1091 2346; x_wconf 71' lang='grc' dir='ltr'>ἐπὶ</span> <span class='ocrx_word' id='word_1_151' title='bbox 1116 2282 1175 2364; x_wconf 80' lang='grc' dir='ltr'>ὅρῳ</span> <span class='ocrx_word' id='word_1_152' title='bbox 1201 2283 1243 2357; x_wconf 67' lang='grc' dir='ltr'>δὲ,</span> <span class='ocrx_word' id='word_1_153' title='bbox 1269 2281 1361 2361; x_wconf 84' lang='grc' dir='ltr'>ἤγουν</span> <span class='ocrx_word' id='word_1_154' title='bbox 1386 2283 1437 2344; x_wconf 67' lang='lat' dir='ltr'>tri</span> 
     </span>
     <span class='ocr_line' id='line_1_20' title="bbox 387 2380 1436 2462; baseline -0.001 -17"><span class='ocrx_word' id='word_1_155' title='bbox 387 2381 538 2459; x_wconf 73' lang='grc' dir='ltr'>διαστίξει,</span> <span class='ocrx_word' id='word_1_156' title='bbox 558 2381 636 2442; x_wconf 86' lang='grc' dir='ltr'>ὥστε</span> <span class='ocrx_word' id='word_1_157' title='bbox 654 2382 680 2444; x_wconf 80' lang='grc' dir='ltr'>εἰ</span> <span class='ocrx_word' id='word_1_158' title='bbox 699 2381 833 2458; x_wconf 87' lang='grc' dir='ltr'>συμβαίη</span> <span class='ocrx_word' id='word_1_159' title='bbox 853 2380 961 2454; x_wconf 80' lang='grc' dir='ltr'>αὐτοὺς,</span> <span class='ocrx_word' id='word_1_160' title='bbox 978 2381 1019 2458; x_wconf 73' lang='grc' dir='ltr'>μὴ</span> <span class='ocrx_word' id='word_1_161' title='bbox 1041 2384 1215 2457; x_wconf 79' lang='grc' dir='ltr'>ἀποθανεῖν,</span> <span class='ocrx_word' id='word_1_162' title='bbox 1239 2384 1321 2445; x_wconf 79' lang='grc' dir='ltr'>άλλᾶ</span> <span class='ocrx_word' id='word_1_163' title='bbox 1343 2383 1436 2462; x_wconf 70' lang='lat' dir='ltr'>drap-</span> 
     </span>
     <span class='ocr_line' id='line_1_21' title="bbox 387 2481 1437 2565; baseline 0 -17"><span class='ocrx_word' id='word_1_164' title='bbox 387 2486 548 2565; x_wconf 81' lang='grc' dir='ltr'>ῥωσθῆναι,</span> <span class='ocrx_word' id='word_1_165' title='bbox 564 2481 666 2562; x_wconf 78' lang='grc' dir='ltr'>μηκέτι</span> <span class='ocrx_word' id='word_1_166' title='bbox 681 2483 764 2549; x_wconf 80' lang='grc' dir='ltr'>αὖθις</span> <span class='ocrx_word' id='word_1_167' title='bbox 780 2487 967 2560; x_wconf 81' lang='grc' dir='ltr'>κοινωνῆσαι,</span> <span class='ocrx_word' id='word_1_168' title='bbox 985 2483 1066 2563; x_wconf 78' lang='grc' dir='ltr'>εἰμὴ</span> <span class='ocrx_word' id='word_1_169' title='bbox 1086 2487 1103 2546; x_wconf 90' lang='grc' dir='ltr'>ὁ</span> <span class='ocrx_word' id='word_1_170' title='bbox 1119 2486 1283 2565; x_wconf 79' lang='grc' dir='ltr'>ὁρωμένας</span> <span class='ocrx_word' id='word_1_171' title='bbox 1301 2486 1437 2564; x_wconf 78' lang='grc' dir='ltr'>παρέλθῃ</span> 
     </span>
     <span class='ocr_line' id='line_1_22' title="bbox 387 2584 1436 2669; baseline 0.006 -22"><span class='ocrx_word' id='word_1_172' title='bbox 387 2587 496 2667; x_wconf 82' lang='grc' dir='ltr'>χρόνος</span> <span class='ocrx_word' id='word_1_173' title='bbox 518 2589 566 2663; x_wconf 84' lang='grc' dir='ltr'>τῆς</span> <span class='ocrx_word' id='word_1_174' title='bbox 590 2586 730 2662; x_wconf 69' lang='grc' dir='ltr'>ἑξαετίαν.</span> <span class='ocrx_word' id='word_1_175' title='bbox 777 2584 852 2649; x_wconf 87' lang='lat' dir='ltr'>Vet.</span> <span class='ocrx_word' id='word_1_176' title='bbox 876 2584 1010 2662; x_wconf 80' lang='lat' dir='ltr'>Glossae,</span> <span class='ocrx_word' id='word_1_177' title='bbox 1029 2585 1158 2669; x_wconf 82' lang='grc' dir='ltr'>ὀὈρος.</span> <span class='ocrx_word' id='word_1_178' title='bbox 1174 2588 1227 2653; x_wconf 78' lang='lat' dir='ltr'>doc</span> <span class='ocrx_word' id='word_1_179' title='bbox 1247 2590 1436 2655; x_wconf 74' lang='lat' dir='ltr'>lectitatum.</span> 
     </span>
     <span class='ocr_line' id='line_1_23' title="bbox 392 2686 599 2751; baseline 0.01 -2"><span class='ocrx_word' id='word_1_180' title='bbox 392 2686 599 2751; x_wconf 71' lang='lat' dir='ltr'>Conditorem.</span> 
     </span>
    </p>
   </div>
   <div class='ocr_carea' id='block_1_4' title="bbox 778 2848 1045 2914">
    <p class='ocr_par' dir='ltr' id='par_1_8' title="bbox 778 2848 1045 2914">
     <span class='ocr_line' id='line_1_24' title="bbox 778 2848 1045 2914; baseline 0.004 -1"><span class='ocrx_word' id='word_1_181' title='bbox 778 2848 942 2914; x_wconf 84' lang='lat' dir='ltr'>CANON</span> <span class='ocrx_word' id='word_1_182' title='bbox 967 2851 1045 2914; x_wconf 89' lang='lat' dir='ltr'>VII.</span> 
     </span>
    </p>
   </div>
   <div class='ocr_carea' id='block_1_5' title="bbox 341 2984 1445 4398">
    <p class='ocr_par' dir='ltr' id='par_1_9' title="bbox 389 2984 1440 3884">
     <span class='ocr_line' id='line_1_25' title="bbox 436 2984 1436 3072; baseline 0.005 -26"><span class='ocrx_word' id='word_1_183' title='bbox 436 2984 519 3047; x_wconf 92' lang='lat' dir='ltr'>Ibid.</span> <span class='ocrx_word' id='word_1_184' title='bbox 535 2984 556 3047; x_wconf 87' lang='lat' dir='ltr'>l.</span> <span class='ocrx_word' id='word_1_185' title='bbox 576 3001 624 3069; x_wconf 86' lang='lat'>15.</span> <span class='ocrx_word' id='word_1_186' title='bbox 641 2986 705 3047; x_wconf 72' lang='grc' dir='ltr'>ἐστὶ</span> <span class='ocrx_word' id='word_1_187' title='bbox 717 2985 763 3069; x_wconf 86' lang='grc' dir='ltr'>τὸ]</span> <span class='ocrx_word' id='word_1_188' title='bbox 779 2986 984 3072; x_wconf 87' lang='lat' dir='ltr'>Beveregium</span> <span class='ocrx_word' id='word_1_189' title='bbox 997 3009 1080 3051; x_wconf 90' lang='lat' dir='ltr'>nunc</span> <span class='ocrx_word' id='word_1_190' title='bbox 1092 2995 1220 3052; x_wconf 85' lang='lat' dir='ltr'>secutus</span> <span class='ocrx_word' id='word_1_191' title='bbox 1230 3010 1300 3053; x_wconf 88' lang='lat' dir='ltr'>sum</span> <span class='ocrx_word' id='word_1_192' title='bbox 1312 2990 1378 3054; x_wconf 77' lang='grc' dir='ltr'>ἑοτὲ</span> <span class='ocrx_word' id='word_1_193' title='bbox 1392 2989 1436 3065; x_wconf 88' lang='grc' dir='ltr'>τὸ,</span> 
     </span>
     <span class='ocr_line' id='line_1_26' title="bbox 390 3085 1439 3173; baseline 0.008 -26"><span class='ocrx_word' id='word_1_194' title='bbox 390 3085 473 3169; x_wconf 92' lang='lat' dir='ltr'>quod</span> <span class='ocrx_word' id='word_1_195' title='bbox 489 3086 581 3149; x_wconf 90' lang='lat' dir='ltr'>abest</span> <span class='ocrx_word' id='word_1_196' title='bbox 593 3087 635 3149; x_wconf 90' lang='lat' dir='ltr'>ab</span> <span class='ocrx_word' id='word_1_197' title='bbox 651 3086 744 3150; x_wconf 89' lang='lat' dir='ltr'>editis</span> <span class='ocrx_word' id='word_1_198' title='bbox 760 3088 917 3165; x_wconf 77' lang='lat' dir='ltr'>Consiliis,</span> <span class='ocrx_word' id='word_1_199' title='bbox 930 3097 1003 3173; x_wconf 88' lang='lat' dir='ltr'>post</span> <span class='ocrx_word' id='word_1_200' title='bbox 1017 3096 1075 3153; x_wconf 80' lang='grc' dir='ltr'>τῶν</span> <span class='ocrx_word' id='word_1_201' title='bbox 1091 3092 1262 3155; x_wconf 79' lang='grc' dir='ltr'>ἐπισκόπων</span> <span class='ocrx_word' id='word_1_202' title='bbox 1275 3113 1315 3154; x_wconf 84' lang='lat' dir='ltr'>ex</span> <span class='ocrx_word' id='word_1_203' title='bbox 1330 3092 1439 3155; x_wconf 86' lang='lat' dir='ltr'>codice</span> 
     </span>
     <span class='ocr_line' id='line_1_27' title="bbox 389 3188 1438 3275; baseline 0.007 -25"><span class='ocrx_word' id='word_1_204' title='bbox 389 3209 447 3251; x_wconf 90' lang='lat' dir='ltr'>suo</span> <span class='ocrx_word' id='word_1_205' title='bbox 473 3206 545 3272; x_wconf 82' lang='lat'>205.</span> <span class='ocrx_word' id='word_1_206' title='bbox 568 3188 748 3262; x_wconf 81' lang='lat' dir='ltr'>addentem,</span> <span class='ocrx_word' id='word_1_207' title='bbox 771 3191 847 3253; x_wconf 91' lang='lat' dir='ltr'>dum</span> <span class='ocrx_word' id='word_1_208' title='bbox 867 3195 1106 3275; x_wconf 71' lang='lat' dir='ltr'>praestantiori</span> <span class='ocrx_word' id='word_1_209' title='bbox 1125 3193 1293 3257; x_wconf 78' lang='lat' dir='ltr'>Pedalium</span> <span class='ocrx_word' id='word_1_210' title='bbox 1312 3195 1438 3259; x_wconf 70' lang='lat' dir='ltr'>Graeco</span> 
     </span>
     <span class='ocr_line' id='line_1_28' title="bbox 389 3289 1437 3380; baseline 0.007 -28"><span class='ocrx_word' id='word_1_211' title='bbox 389 3312 471 3367; x_wconf 89' lang='lat' dir='ltr'>rurn,</span> <span class='ocrx_word' id='word_1_212' title='bbox 486 3292 630 3359; x_wconf 81' lang='lat' dir='ltr'>Zonaras</span> <span class='ocrx_word' id='word_1_213' title='bbox 646 3289 680 3355; x_wconf 91' lang='lat' dir='ltr'>in</span> <span class='ocrx_word' id='word_1_214' title='bbox 695 3291 911 3357; x_wconf 71' lang='lat' dir='ltr'>Commentario</span> <span class='ocrx_word' id='word_1_215' title='bbox 926 3293 1099 3377; x_wconf 75' lang='lat' dir='ltr'>codicesque</span> <span class='ocrx_word' id='word_1_216' title='bbox 1114 3296 1222 3379; x_wconf 69' lang='lat' dir='ltr'>scripti</span> <span class='ocrx_word' id='word_1_217' title='bbox 1234 3299 1305 3380; x_wconf 83' lang='lat'>158.</span> <span class='ocrx_word' id='word_1_218' title='bbox 1320 3302 1355 3360; x_wconf 93' lang='lat' dir='ltr'>et</span> <span class='ocrx_word' id='word_1_219' title='bbox 1368 3298 1437 3379; x_wconf 86' lang='lat'>165.</span> 
     </span>
     <span class='ocr_line' id='line_1_29' title="bbox 392 3392 1440 3481; baseline 0.007 -26"><span class='ocrx_word' id='word_1_220' title='bbox 392 3393 505 3457; x_wconf 89' lang='lat' dir='ltr'>Habet</span> <span class='ocrx_word' id='word_1_221' title='bbox 521 3393 598 3456; x_wconf 84' lang='grc' dir='ltr'>ἑστω</span> <span class='ocrx_word' id='word_1_222' title='bbox 613 3392 701 3456; x_wconf 73' lang='lat' dir='ltr'>codes</span> <span class='ocrx_word' id='word_1_223' title='bbox 712 3396 764 3469; x_wconf 83' lang='lat'>26,</span> <span class='ocrx_word' id='word_1_224' title='bbox 776 3400 809 3457; x_wconf 90' lang='lat' dir='ltr'>et</span> <span class='ocrx_word' id='word_1_225' title='bbox 824 3400 920 3479; x_wconf 91' lang='lat' dir='ltr'>prout</span> <span class='ocrx_word' id='word_1_226' title='bbox 933 3394 996 3458; x_wconf 84' lang='lat' dir='ltr'>cod.</span> <span class='ocrx_word' id='word_1_227' title='bbox 1009 3400 1082 3477; x_wconf 86' lang='lat'>625.</span> <span class='ocrx_word' id='word_1_228' title='bbox 1097 3397 1223 3460; x_wconf 80' lang='grc' dir='ltr'>ἑκάστου</span> <span class='ocrx_word' id='word_1_229' title='bbox 1237 3419 1295 3481; x_wconf 89' lang='lat' dir='ltr'>pro</span> <span class='ocrx_word' id='word_1_230' title='bbox 1311 3399 1440 3463; x_wconf 82' lang='grc' dir='ltr'>ἕκαστον</span> 
     </span>
     <span class='ocr_line' id='line_1_30' title="bbox 391 3493 1438 3579; baseline 0.007 -26"><span class='ocrx_word' id='word_1_231' title='bbox 391 3514 442 3555; x_wconf 91' lang='lat' dir='ltr'>me</span> <span class='ocrx_word' id='word_1_232' title='bbox 457 3493 665 3577; x_wconf 82' lang='lat' dir='ltr'>approbante.</span> <span class='ocrx_word' id='word_1_233' title='bbox 690 3493 728 3557; x_wconf 92' lang='lat' dir='ltr'>In</span> <span class='ocrx_word' id='word_1_234' title='bbox 752 3494 815 3557; x_wconf 90' lang='lat' dir='ltr'>cod.</span> <span class='ocrx_word' id='word_1_235' title='bbox 832 3495 927 3579; x_wconf 84' lang='lat'>3385.</span> <span class='ocrx_word' id='word_1_236' title='bbox 943 3496 1092 3561; x_wconf 79' lang='lat' dir='ltr'>scribitur</span> <span class='ocrx_word' id='word_1_237' title='bbox 1115 3499 1225 3576; x_wconf 73' lang='grc' dir='ltr'>ἐξέστω</span> <span class='ocrx_word' id='word_1_238' title='bbox 1248 3506 1282 3562; x_wconf 87' lang='lat' dir='ltr'>et</span> <span class='ocrx_word' id='word_1_239' title='bbox 1301 3498 1438 3563; x_wconf 86' lang='grc' dir='ltr'>ἑκάστου.</span> 
     </span>
     <span class='ocr_line' id='line_1_31' title="bbox 392 3593 1440 3683; baseline 0.008 -28"><span class='ocrx_word' id='word_1_240' title='bbox 392 3593 464 3657; x_wconf 89' lang='grc' dir='ltr'>Ηοο</span> <span class='ocrx_word' id='word_1_241' title='bbox 476 3596 602 3678; x_wconf 88' lang='lat' dir='ltr'>quidem</span> <span class='ocrx_word' id='word_1_242' title='bbox 616 3596 741 3659; x_wconf 88' lang='grc' dir='ltr'>ἑκάστου</span> <span class='ocrx_word' id='word_1_243' title='bbox 753 3595 866 3680; x_wconf 86' lang='lat' dir='ltr'>recepi.</span> <span class='ocrx_word' id='word_1_244' title='bbox 899 3597 1029 3662; x_wconf 87' lang='lat' dir='ltr'>Interea</span> <span class='ocrx_word' id='word_1_245' title='bbox 1041 3606 1113 3683; x_wconf 89' lang='lat' dir='ltr'>post</span> <span class='ocrx_word' id='word_1_246' title='bbox 1124 3607 1298 3682; x_wconf 76' lang='grc' dir='ltr'>προσφορᾶς</span> <span class='ocrx_word' id='word_1_247' title='bbox 1309 3602 1440 3665; x_wconf 86' lang='lat' dir='ltr'>verbum</span> 
     </span>
     <span class='ocr_line' id='line_1_32' title="bbox 391 3698 1440 3782; baseline 0.01 -25"><span class='ocrx_word' id='word_1_248' title='bbox 391 3700 533 3779; x_wconf 80' lang='grc' dir='ltr'>δεχθῆναι</span> <span class='ocrx_word' id='word_1_249' title='bbox 554 3698 680 3761; x_wconf 86' lang='lat' dir='ltr'>videtur</span> <span class='ocrx_word' id='word_1_250' title='bbox 702 3698 964 3763; x_wconf 88' lang='lat' dir='ltr'>subaudiendum.</span> <span class='ocrx_word' id='word_1_251' title='bbox 1009 3701 1158 3765; x_wconf 82' lang='lat' dir='ltr'>Ceterum</span> <span class='ocrx_word' id='word_1_252' title='bbox 1179 3704 1218 3767; x_wconf 87' lang='lat' dir='ltr'>de</span> <span class='ocrx_word' id='word_1_253' title='bbox 1233 3703 1286 3766; x_wconf 89' lang='lat' dir='ltr'>illo</span> <span class='ocrx_word' id='word_1_254' title='bbox 1301 3708 1375 3779; x_wconf 80' lang='grc' dir='ltr'>μετὰ</span> <span class='ocrx_word' id='word_1_255' title='bbox 1388 3708 1440 3782; x_wconf 68' lang='grc' dir='ltr'>τῆς</span> 
     </span>
     <span class='ocr_line' id='line_1_33' title="bbox 390 3800 1051 3884; baseline 0.009 -25"><span class='ocrx_word' id='word_1_256' title='bbox 390 3804 565 3878; x_wconf 77' lang='grc' dir='ltr'>προσφορᾶς</span> <span class='ocrx_word' id='word_1_257' title='bbox 579 3800 650 3864; x_wconf 90' lang='lat' dir='ltr'>vide</span> <span class='ocrx_word' id='word_1_258' title='bbox 665 3822 761 3884; x_wconf 88' lang='lat' dir='ltr'>supra</span> <span class='ocrx_word' id='word_1_259' title='bbox 777 3809 844 3863; x_wconf 91' lang='lat' dir='ltr'>not.</span> <span class='ocrx_word' id='word_1_260' title='bbox 859 3800 901 3865; x_wconf 88' lang='lat' dir='ltr'>ad</span> <span class='ocrx_word' id='word_1_261' title='bbox 918 3800 994 3865; x_wconf 80' lang='lat' dir='ltr'>Oen.</span> <span class='ocrx_word' id='word_1_262' title='bbox 1014 3804 1051 3865; x_wconf 91' lang='lat' dir='ltr'>V.</span> 
     </span>
    </p>

    <p class='ocr_par' dir='ltr' id='par_1_10' title="bbox 341 3900 1445 4398">
     <span class='ocr_line' id='line_1_34' title="bbox 341 3900 1441 3991; baseline 0.008 -29"><span class='ocrx_word' id='word_1_263' title='bbox 341 3964 344 3969; x_wconf 80' lang='grc'>,</span> <span class='ocrx_word' id='word_1_264' title='bbox 436 3900 519 3963; x_wconf 92' lang='lat' dir='ltr'>lbid.</span> <span class='ocrx_word' id='word_1_265' title='bbox 537 3901 688 3984; x_wconf 75' lang='grc' dir='ltr'>ἐξετάσαι]</span> <span class='ocrx_word' id='word_1_266' title='bbox 709 3901 782 3967; x_wconf 89' lang='grc' dir='ltr'>Ηοο</span> <span class='ocrx_word' id='word_1_267' title='bbox 798 3903 928 3966; x_wconf 86' lang='lat' dir='ltr'>verbum</span> <span class='ocrx_word' id='word_1_268' title='bbox 944 3926 1002 3989; x_wconf 93' lang='lat' dir='ltr'>pro</span> <span class='ocrx_word' id='word_1_269' title='bbox 1023 3905 1143 3991; x_wconf 74' lang='grc' dir='ltr'>οοίραθο</span> <span class='ocrx_word' id='word_1_270' title='bbox 1162 3906 1288 3987; x_wconf 75' lang='grc' dir='ltr'>ἀξιῶσαι</span> <span class='ocrx_word' id='word_1_271' title='bbox 1306 3916 1344 3973; x_wconf 93' lang='lat' dir='ltr'>ut</span> <span class='ocrx_word' id='word_1_272' title='bbox 1358 3908 1441 3973; x_wconf 81' lang='lat' dir='ltr'>vari·</span> 
     </span>
     <span class='ocr_line' id='line_1_35' title="bbox 390 4000 1441 4084; baseline 0.007 -19"><span class='ocrx_word' id='word_1_273' title='bbox 390 4021 450 4065; x_wconf 90' lang='lat' dir='ltr'>ans</span> <span class='ocrx_word' id='word_1_274' title='bbox 471 4000 564 4064; x_wconf 87' lang='lat' dir='ltr'>lectio</span> <span class='ocrx_word' id='word_1_275' title='bbox 582 4000 614 4063; x_wconf 92' lang='lat' dir='ltr'>in</span> <span class='ocrx_word' id='word_1_276' title='bbox 635 4002 822 4067; x_wconf 84' lang='lat' dir='ltr'>Labbeesna</span> <span class='ocrx_word' id='word_1_277' title='bbox 845 4004 1046 4069; x_wconf 79' lang='grc' dir='ltr'>Οοιιοίάὶοτυικ</span> <span class='ocrx_word' id='word_1_278' title='bbox 1067 4007 1135 4072; x_wconf 89' lang='lat' dir='ltr'>edit</span> <span class='ocrx_word' id='word_1_279' title='bbox 1156 4007 1300 4084; x_wconf 82' lang='lat' dir='ltr'>affertur,</span> <span class='ocrx_word' id='word_1_280' title='bbox 1314 4008 1441 4073; x_wconf 70' lang='lat' dir='ltr'>erhrire-</span> 
     </span>
     <span class='ocr_line' id='line_1_36' title="bbox 392 4100 1440 4193; baseline 0.01 -31"><span class='ocrx_word' id='word_1_281' title='bbox 392 4121 489 4183; x_wconf 89' lang='lat' dir='ltr'>reque</span> <span class='ocrx_word' id='word_1_282' title='bbox 504 4100 579 4163; x_wconf 90' lang='lat' dir='ltr'>illud</span> <span class='ocrx_word' id='word_1_283' title='bbox 596 4102 756 4167; x_wconf 86' lang='lat' dir='ltr'>Zonaram</span> <span class='ocrx_word' id='word_1_284' title='bbox 779 4114 872 4170; x_wconf 86' lang='lat' dir='ltr'>notat</span> <span class='ocrx_word' id='word_1_285' title='bbox 888 4108 931 4170; x_wconf 87' lang='lat' dir='ltr'>ad</span> <span class='ocrx_word' id='word_1_286' title='bbox 945 4129 1046 4193; x_wconf 81' lang='lat' dir='ltr'>marg.</span> <span class='ocrx_word' id='word_1_287' title='bbox 1062 4109 1139 4172; x_wconf 91' lang='lat' dir='ltr'>edit.</span> <span class='ocrx_word' id='word_1_288' title='bbox 1159 4131 1226 4173; x_wconf 83' lang='lat' dir='ltr'>suae</span> <span class='ocrx_word' id='word_1_289' title='bbox 1241 4110 1440 4174; x_wconf 88' lang='lat' dir='ltr'>Harduinus.</span> 
     </span>
     <span class='ocr_line' id='line_1_37' title="bbox 393 4200 1445 4293; baseline 0.01 -30"><span class='ocrx_word' id='word_1_290' title='bbox 393 4200 522 4265; x_wconf 88' lang='lat' dir='ltr'>Addere</span> <span class='ocrx_word' id='word_1_291' title='bbox 538 4210 665 4285; x_wconf 90' lang='lat' dir='ltr'>poterat</span> <span class='ocrx_word' id='word_1_292' title='bbox 681 4204 868 4269; x_wconf 84' lang='lat' dir='ltr'>Aristonum</span> <span class='ocrx_word' id='word_1_293' title='bbox 881 4208 1017 4272; x_wconf 81' lang='lat' dir='ltr'>alterurn</span> <span class='ocrx_word' id='word_1_294' title='bbox 1032 4218 1325 4275; x_wconf 87' lang='lat' dir='ltr'>commentatorem.</span> <span class='ocrx_word' id='word_1_295' title='bbox 1357 4210 1445 4293; x_wconf 79' lang='lat' dir='ltr'>Quin-</span> 
     </span>
     <span class='ocr_line' id='line_1_38' title="bbox 392 4302 1443 4398; baseline 0.013 -31"><span class='ocrx_word' id='word_1_296' title='bbox 392 4309 426 4367; x_wconf 88' lang='lat' dir='ltr'>ot</span> <span class='ocrx_word' id='word_1_297' title='bbox 441 4302 473 4367; x_wconf 91' lang='lat' dir='ltr'>in</span> <span class='ocrx_word' id='word_1_298' title='bbox 490 4310 614 4369; x_wconf 85' lang='lat' dir='ltr'>textum</span> <span class='ocrx_word' id='word_1_299' title='bbox 629 4305 711 4370; x_wconf 88' lang='lat' dir='ltr'>idem</span> <span class='ocrx_word' id='word_1_300' title='bbox 727 4318 889 4393; x_wconf 84' lang='lat' dir='ltr'>receperat</span> <span class='ocrx_word' id='word_1_301' title='bbox 905 4308 1115 4395; x_wconf 86' lang='lat' dir='ltr'>Beveregius;</span> <span class='ocrx_word' id='word_1_302' title='bbox 1141 4334 1242 4398; x_wconf 79' lang='lat' dir='ltr'>neque</span> <span class='ocrx_word' id='word_1_303' title='bbox 1262 4314 1388 4391; x_wconf 69' lang='grc' dir='ltr'>ἀξιῶσαι</span> <span class='ocrx_word' id='word_1_304' title='bbox 1407 4314 1443 4381; x_wconf 86' lang='lat' dir='ltr'>in</span> 
     </span>
    </p>
   </div>
   <div class='ocr_carea' id='block_1_6' title="bbox 0 0 1633 5150">
    <p class='ocr_par' dir='ltr' id='par_1_11' title="bbox 0 0 1633 5150">
     <span class='ocr_line' id='line_1_39' title="bbox 0 0 1633 5150; baseline 0 0"><span class='ocrx_word' id='word_1_305' title='bbox 0 0 1633 5150; x_wconf 95' lang='lat' dir='ltr'> </span> 
     </span>
    </p>
   </div>
  </div>
 </body>
</html>
