3242 5150
374 328 439 396 376
606 333 638 393 S.
663 329 907 394 PAMPHILI
933 331 1192 398 MARTYRIS

374 498 502 563 videtur
515 498 688 563 absurdum
702 500 745 563 ad
765 499 919 583 majorem
939 501 1188 567 satisfaotionom
1206 503 1304 568 etiam
1320 506 1360 570 do
1373 527 1423 570 re·

373 609 468 692 liquis
487 609 556 693 ejus
574 607 663 671 libris
682 628 839 671 consonas
857 607 907 672 his
921 609 970 673 vol
984 631 1103 695 pauoas
1122 611 1274 677 adhibere
1294 621 1422 680 senten-

373 718 448 784 tias.
493 717 533 782 In
556 717 707 803 vigesimo
730 718 830 802 igitur
854 724 888 782 at
911 728 1025 785 ootavo
1048 720 1130 786 libro
1156 724 1196 787 do
1221 724 1319 790 Esaia
1343 729 1422 791 Pro-

373 828 482 913 pheta,
498 827 539 891 do
552 826 606 890 illo
621 826 761 912 capitulo
775 827 928 905 soribans,
943 829 975 891 in
991 851 1054 912 qno
1070 829 1203 894 dieitur:
1224 833 1422 898 rumda-

373 935 485 1001 doatar
497 938 618 1013 memori,
634 946 662 1000 et
675 935 877 1021 retorquetis?
890 938 945 1022 qai
958 938 993 1001 ia
1006 937 1170 1022 sapaudus
1183 949 1272 1004 aaut:
1287 940 1335 1006 ita
1349 941 1406 1007 ait.

415 1047 580 1111 Omonsss.
601 1045 717 1110 Metius
730 1055 771 1109 est
784 1043 1104 1130 ereo—obsurdam
1118 1057 1169 1112 ost.

415 1159 611 1220 Passennus.
635 1155 846 1219 Nihilominus
860 1154 893 1218 in
908 1177 946 1220 eo
964 1155 1033 1239 ipso
1052 1155 1145 1237 libro,
1161 1157 1338 1243 interjootis
1353 1160 1420 1244 qni-

372 1265 517 1343 busdam,
532 1265 621 1330 dioit.

415 1375 579 1440 Omossns.
603 1373 680 1437 Oam
693 1374 883 1460 oryo--e'rt
896 1375 1081 1457 infimitate.

415 1485 610 1550 Psnrmnns.
633 1483 714 1548 Haeo
737 1483 865 1568 quidam
886 1505 926 1547 ex
948 1482 997 1547 his
1018 1483 1107 1548 libris
1129 1505 1208 1568 qnos
1229 1483 1263 1546 in
1288 1481 1420 1548 Esaiam

373 1596 510 1679 scripsit.
541 1594 614 1658 Non
628 1593 861 1680 praeteribimus
880 1612 955 1658 varo
975 1616 1078 1679 nequo
1097 1595 1185 1658 illum
1203 1594 1307 1658 looum
1324 1616 1419 1681 quem

371 1706 412 1769 de
433 1704 536 1790 primo
558 1703 687 1768 Psalmo
709 1702 870 1781 disseruit,
884 1702 918 1767 in
932 1724 995 1789 quo
1017 1703 1115 1769 otiam
1130 1705 1170 1768 do
1189 1704 1418 1769 resurreetione

371 1815 419 1878 ita
433 1813 569 1898 soripsit.

453 1923 657 2000 interpretatio
672 1921 782 2001 Rufini.
1081 1927 1254 1982 omens.

412 2034 497 2092 Sicut
517 2034 594 2091 enim
615 2032 716 2091 eadem
736 2033 768 2090 in
785 2033 869 2092 nobis
968 2024 1116 2129 Ὥσπερ
1127 2027 1165 2106 δὲ
1179 2023 1323 2108 τὸεῖδός
1337 2029 1416 2106 ἐστι

371 2147 481 2226 species
504 2155 655 2225 permanet
684 2145 721 2202 ab
744 2145 870 2203 infantia
952 2157 962 2188 ¹

917 2193 1024 2265 μεχρι
1041 2169 1104 2240 τοῦ
1120 2161 1282 2263 πέρατος,
1297 2159 1365 2266 κᾷν
1382 2166 1415 2240 οἱ

370 2265 510 2343 usquead
524 2274 713 2332 senectutem,
722 2264 792 2324 lieet
801 2265 870 2324 oha-

918 2297 1137 2396 χαρακτῆρες
1163 2297 1296 2372 δοκῶσι
1323 2304 1417 2372 πολ-

369 2389 496 2438 raoteres
509 2376 632 2436 multam
646 2377 822 2437 videantur
814 2397 867 2436 ιιιι-
952 2424 962 2452 „

919 2426 1054 2524 dur*
1030 2460 1122 2530 εχειν
1157 2428 1413 2529 παραλλαγήν·

369 2492 562 2552 mutationem
572 2510 716 2571 tempere
730 2490 867 2550 1ta1ntel

368 2605 519 2686 figendum
530 2616 575 2664 θεῖ
585 2604 660 2663 hanc
669 2605 793 2683 speciem
802 2624 867 2683 (μω
918 2594 1030 2644 θυΐως
1049 2595 1192 2661 ΙΙΟηΤΕΟν
1206 2595 1264 2641 teat
1282 2564 1339 2642 ἐπι
1351 2571 1416 2643 7οῦ

369 2740 448 2779 nuno
466 2730 512 2779 est
533 2719 564 2778 in
584 2718 700 2786 nobis,¹
692 2739 784 2799 ipsam
801 2740 868 2799 per·
917 2729 1104 2798 παροντος,
1123 2693 1213 2780 εἶδος
1226 2729 1355 2777 ramos
1367 2696 1415 2776 εἶ.

369 2853 533 2893 mansuram
542 2832 629 2891 etiam
637 2831 669 2890 in
680 2832 791 2902 futuro,
800 2829 866 2911 pln-
918 2862 975 2907 μω
986 2833 1036 2935 τῷ
1044 2825 1415 2929 μέλλοῃι,πλείστης

368 2947 442 3005 rima
475 2955 574 3004 tamen
604 2944 807 3002 immutatione
834 2943 866 3001 in
918 2962 936 2993 s

917 2997 1007 3063 οσηι
1047 2962 1220 3064 ἐσομένης
1256 2968 1320 3064 τῆς·
1356 2967 1415 3044 ἐπὶ

368 3056 472 3116 melius
483 3067 513 3116 et
522 3056 676 3135 gloriosius
686 3057 772 3115 facta
802 3055 865 3114 Ne·
917 3096 1324 3197 κάλλιονμεταβολῆἳ·
1303 3132 1414 3199 Wai‘·

368 3188 447 3228 oasse
460 3179 505 3228 est
520 3169 597 3227 enim
612 3168 737 3227 animam
750 3169 781 3227 in
795 3168 867 3227 loeis

368 3289 514 3368 corporeis
534 3289 713 3348 habitantem
735 3290 780 3349 uti
801 3309 863 3349 σοι·-
917 3238 1017 3311 καῖον
1033 3231 1105 3335 ΎὰΡ
1134 3232 1200 3331 Τὴν
1229 3230 1394 3337 ψυΧΨ
1375 3265 1415 3311 ‘²'

367 3410 487 3489 poribus
509 3409 617 3469 talibus
637 3429 703 3487 qua
720 3420 789 3489 apta
805 3409 866 3469 sint
914 3363 1036 3450 Τόπθις
1057 3374 1274 3465 σωματικοῖς
1302 3367 1413 3469 πάρ·

367 3529 413 3589 his
429 3530 533 3590 locis
525 3529 677 3607 inquibus
694 3528 783 3608 degit.
822 3528 865 3588 Et
914 3534 1064 3603 Χουσαν,
1079 3500 1342 3606 κεχρῆσθαι
1287 3534 1413 3599 σωμα-

733 3676 935 3755 interpretatio
950 3676 1042 3736 Nova.

406 3772 454 3832 Ao
467 3772 708 3866 quemadmodum
724 3774 835 3851 speeies
850 3774 912 3851 ipsa
925 3771 962 3831 ad
975 3773 1112 3833 ultimum
1129 3793 1222 3851 usque
1240 3770 1341 3831 eadem
1356 3781 1411 3837 est,

366 3852 422 3912 etsi
432 3853 539 3943 ingens
551 3852 733 3931 propriarum
748 3852 905 3911 formarum
928 3864 1122 3931 notarumque
1138 3854 1272 3913 videatur
1288 3871 1350 3910 esse
1367 3850 1411 3909 di·

365 3931 506 3991 versitas.
528 3932 613 3990 itaet
628 3932 657 3987 in
672 3952 708 3989 oo
720 3930 758 3989 de
771 3951 831 4007 quo
845 3931 966 4009 agimus,
981 3932 1204 4011 intelligendum
1222 3943 1267 3992 est
1285 3950 1411 4011 presen-

365 4022 425 4071 tem
446 4012 574 4090 eorporis
592 4010 715 4089 speciem
730 4010 861 4068 eamdem
875 4032 938 4071 osse
952 4032 1017 4071 oum
1032 4012 1150 4071 futura:
1173 4033 1239 4072 oum
1253 4032 1289 4071 eo
1303 4022 1410 4078 tamen,

364 4104 400 4150 ut
420 4090 625 4150 incredibilis'
617 4110 648 4147 m
668 4090 773 4149 melius
785 4090 824 4149 sit
837 4090 940 4150 futura
957 4094 1091 4152 mutatio.
1133 4084 1261 4153 Necesse
1275 4103 1320 4152 est
1333 4090 1411 4150 enim

364 4172 488 4231 animam
503 4170 649 4251 corporeis
669 4171 701 4229 in
718 4170 790 4229 locis
807 4171 976 4240 hoerentem,
992 4174 1193 4233 consentaneis
1206 4173 1261 4233 sibi
1279 4172 1325 4231 uti
1347 4190 1411 4231 cor-

781 4286 797 4326 r
809 4276 873 4325 aas.
883 4278 950 4327 xxvi.
964 4292 1002 4343 ¹9·
