3242 5150
387 390 707 456 aa6JUsTELL1
733 391 797 453 ET
823 387 1084 452 BEVEREGII
1109 387 1391 451 ANNOTATT.

382 563 589 642 intelligendus
611 573 655 620 est
676 561 857 627 Lactantius,
877 561 927 619 ubi
947 563 999 627 ait,
1025 562 1127 619 Veram
1147 561 1281 627 iornines,
1305 581 1340 619 ne
1358 559 1428 638 quid

382 660 558 741 ritfacinas,
574 681 629 739 qno
645 679 746 717 marrus
761 679 833 717 snas
847 678 902 717 nan
921 659 1059 737 polluant,
1075 657 1195 715 rudibus
1209 657 1305 715 adine
1319 665 1345 715 et
1359 657 1426 714 εἰσι.

379 758 504 838 plicibus
518 756 621 815 animis
635 755 779 834 abnegant
794 758 882 815 lucem
900 778 956 814 non
970 775 988 814 a
1002 777 1033 814 re
1046 755 1154 812 alatam.
1177 753 1312 811 Lactaut.
1327 752 1377 810 lib.
1386 751 1425 809 vi.

382 875 443 934 cap.
458 874 504 914 ιο.
547 854 616 912 Ηοο
637 863 734 911 autem
757 873 808 931 per
829 851 1040 911 medicamenta
1059 849 1191 928 quasdam
1211 869 1229 908 s
1249 847 1428 906 mulierculis

381 952 511 1029 impense
528 950 667 1028 improbis
680 961 768 1028 epota
787 949 946 1029 perpetrari
966 948 1050 1008 solet.
1093 947 1141 1005 Dc
1155 945 1262 1023 quibus
1274 944 1296 1001 J
1298 943 1427 1003 uvenilis

382 1046 480 1126 Satyr.
498 1047 526 1106 6.
542 1047 583 1105 ait

466 1147 585 1202 Tantam
599 1151 677 1203 artes
691 1143 787 1223 lajas,
803 1151 912 1202 tantum
924 1142 1111 1202 medicamina
1123 1149 1254 1221 possum,

462 1241 531 1307 Qua
544 1239 751 1318 sterilesfacit,
767 1249 854 1319 atque
867 1241 992 1298 honines
1006 1239 1036 1297 in
1051 1247 1148 1297 ventre
1162 1237 1314 1296 necandos.

382 1339 424 1396 Et
439 1339 588 1396 Minutius
602 1337 697 1395 Foelix
712 1339 742 1395 in
758 1339 891 1406 Octavio,
906 1337 1013 1402 diceus.
1033 1337 1085 1393 Vos
1098 1340 1168 1393 οοὶοι
1180 1338 1259 1394 rideo
1270 1341 1427 1410 procreatos

371 1437 450 1511 filios
470 1455 542 1493 nnnc
554 1436 630 1511 seris
650 1443 677 1492 et
702 1436 796 1492 avibus
820 1454 962 1510 exponere,
984 1453 1057 1491 nunc
1077 1435 1302 1507 adstrangulatos
1329 1435 1426 1488 nrisero

380 1536 477 1590 martis
494 1552 592 1608 genere
609 1534 726 1590 elidere:
749 1541 814 1590 suat
831 1552 891 1607 qua
912 1536 940 1588 in
961 1535 1025 1608 ipsis
1044 1533 1191 1589 succubus
1207 1531 1426 1587 medicaminibus

380 1633 465 1705 epotis
483 1633 614 1704 originem
625 1629 724 1704 fittnri
738 1630 854 1687 hominis
874 1634 1047 1702 extinguant,
1062 1638 1089 1685 et
1107 1631 1289 1703 parricidium
1300 1628 1425 1704 faciant,

379 1733 526 1800 antequam
543 1729 668 1801 pariant.
711 1725 755 1783 De
776 1726 832 1783 hoc
852 1725 980 1784 facinore
997 1725 1047 1802 jus
1065 1725 1150 1784 civile
1170 1728 1212 1784 sic
1233 1726 1347 1791 statuit,
1371 1725 1426 1790 Qui

378 1824 527 1879 abortionis
541 1830 590 1878 aut
607 1825 775 1878 natatoriam
792 1824 921 1896 poculum
936 1825 1014 1882 alant.
1029 1824 1080 1879 etri
1096 1825 1158 1880 dala
1177 1841 1231 1880 tran
1241 1823 1365 1899 saciant,
1380 1832 1426 1879 ta-

379 1939 440 1976 nren
453 1923 518 1994 qnia
533 1922 600 1975 mali
619 1922 735 1993 exempti
756 1927 863 1985 rescat,
880 1919 1036 1976 humiliares
1052 1923 1080 1976 in
1098 1923 1248 1988 metallum,
1263 1921 1426 1976 honestiores

378 2018 406 2070 in
428 2016 544 2071 insulam
565 2017 664 2071 amasa
683 2025 766 2090 parte
787 2019 916 2073 bonarum
937 2019 1105 2090 relegantur.
1149 2020 1310 2083 Qrtodsiea
1328 2018 1426 2072 mulier

377 2118 426 2168 aul
442 2113 521 2167 lromo
532 2115 656 2185 perierit,
668 2131 770 2170 aninmo
780 2116 912 2188 supplicia
923 2115 1097 2190 acljiainntur.
1112 2114 1162 2172 lib.
1175 2113 1297 2171 xxxviii.
1312 2123 1381 2171 sect.
1393 2129 1422 2187 5.

377 2211 410 2264 ile
424 2210 520 2263 Panis.
564 2208 739 2284 Hujusmodi
761 2209 1011 2278 medicamenta‚a
1029 2211 1164 2289 prasenti
1178 2209 1295 2287 quidem
1315 2229 1424 2267 canone
1487 2248 1491 2255 -

377 2307 474 2379 φθόριο
485 2305 640 2374 dicuntum
659 2307 709 2364 sed
721 2328 737 2364 a
747 2307 867 2386 Synodo
876 2308 1026 2374 Trullana,
1038 2329 1101 2366 can.
1117 2328 1165 2385 9¹·
1180 2310 1359 2382 ἂμβλοθρῖδιο
1371 2327 1423 2385 ap·

377 2403 532 2483 pellantur.
575 2402 650 2474 Quae
665 2425 718 2461 vox
734 2405 835 2464 codem
850 2426 936 2464 seusu
950 2407 987 2464 ab
1001 2406 1189 2484 Athenagora
1203 2425 1319 2484 quoque
1338 2424 1421 2464 usur-

377 2510 473 2579 patur,
483 2499 607 2567 dicente,
617 2503 666 2556 Kal
680 2499 704 2556 oi
712 2504 758 2560 rtis
768 2507 822 2559 τοῖς
834 2504 1036 2576 ἀμβλωθριδίοις
1049 2506 1189 2576 χρωμένας,
1199 2504 1369 2576 ἇνδροφονεῖν
1382 2524 1421 2569 τε,

376 2602 417 2655 καὶ
427 2599 510 2673 λόγον
524 2600 629 2673 ὑφέξειν
640 2604 686 2670 τῆς
706 2603 897 2673 ε’ξομβλῶσεοε
909 2607 946 2677 τῷ
956 2605 1014 2677 θεῷ
1022 2603 1117 2673 φαμὲν,
1132 2603 1196 2655 κατὰ
1206 2604 1280 2656 ποῖον
1289 2599 1419 2672 ἆνδροφο·

378 2703 469 2768 νοῦρεν
482 2700 580 2770 λύρη
599 2696 744 2774 Athenag.
756 2696 813 2774 leg.
829 2717 881 2773 pro
895 2696 1050 2754 Christian.
1077 2695 1113 2752 In
1128 2692 1244 2751 scholiis
1257 2692 1293 2752 ad
1306 2692 1421 2751 Basilio.

375 2792 427 2851 lib.
443 2791 483 2850 lx.
498 2792 544 2849 tit.
557 2810 606 2866 39.
621 2792 814 2866 Ἀμβλωτρίδιο
827 2793 972 2852 scribitur.
1016 2791 1074 2849 Ubi
1089 2790 1176 2848 etiam
1195 2789 1326 2867 legimus,
1341 2793 1382 2846 καὶ
1395 2793 1422 2845 at

374 2888 553 2958 ἅμβλωτρίδιο
573 2887 692 2942 διδοῦσαι
712 2890 835 2959 φάρμακα
856 2888 1006 2961 φονεύτριοί
1018 2889 1081 2952 slat,
1096 2890 1136 2944 acl
1149 2890 1224 2943 αὐτοὶ
1237 2891 1278 2943 καὶ
1298 2890 1324 2942 al
1343 2888 1419 2958 δεχό-

373 3006 447 3053 μεναι
474 2984 506 3037 τὰ
533 2984 708 3055 ε’μβρυοιιτόνο
734 2984 883 3055 δηλητηρίο.
936 2984 1012 3055 Quae
1039 3004 1077 3041 ex
1108 2984 1294 3061 nonagesimo
1326 2983 1420 3061 primo

376 3076 488 3157 Synodi
503 3076 663 3135 'l'rullianae
676 3099 785 3136 canone
799 3078 952 3158 desumpta
965 3091 1044 3137 sunt.
1075 3081 1180 3139 Suidas
1194 3092 1291 3139 autem
1303 3081 1339 3138 de
1350 3100 1420 3139 voce

372 3177 577 3247 Ἀμβλωθρίδιον
590 3174 641 3239 ait,
656 3176 733 3251 quod
749 3176 796 3241 sit,
812 3180 875 3233 αὐτό
893 3201 922 3233 τε
938 3181 969 3233 τὸ
987 3181 1100 3253 φθόριον
1115 3183 1260 3253 φάρμακον,
1274 3184 1316 3237 καὶ
1333 3182 1364 3251 δὴ
1377 3183 1420 3237 καὶ

373 3275 404 3327 τὸ
417 3274 569 3345 διαφθαρέν.
594 3270 757 3331 Buvunuo.

755 3455 907 3517 CANON
928 3459 1036 3518 XXII.

416 3568 450 3627 P.
465 3588 529 3646 125.
548 3568 569 3627 l.
586 3588 629 3627 Η.
652 3572 869 3630 ὖποσιστέτωσον
888 3577 948 3649 μὲν]
972 3574 1053 3646 Quid
1075 3575 1114 3633 sit
1136 3576 1251 3654 proprie
1271 3578 1422 3634 induraris

375 3666 451 3724 inter
465 3667 644 3745 poenitcutioe
654 3669 770 3747 gradus.
786 3671 815 3728 in
829 3673 1065 3731 annotationibus
1072 3672 1110 3731 ad
1120 3672 1304 3731 undecimum
1319 3674 1420 3749 primae

373 3765 559 3823 oecumenicae
580 3766 690 3845 Synodi
713 3788 852 3827 canonem
876 3768 1054 3829 edocuimus.
1100 3770 1158 3828 Hic
1180 3770 1298 3848 insuper
1321 3770 1420 3828 obser-

373 3870 469 3926 vetur,
483 3880 583 3920 omnes
605 3863 674 3921 istos
688 3864 802 3941 gradus
816 3877 922 3943 praetar
941 3873 994 3921 τῶν
1006 3867 1182 3940 ἀκροωμένων,
1197 3867 1228 3924 in
1243 3866 1367 3926 Scholiis
1383 3867 1420 3925 ad

373 3954 509 4025 Basilica,
528 3956 614 4032 juxta
635 3977 699 4033 quae
720 3959 760 4017 ibi
782 3959 919 4028 diximus,
938 3962 979 4019 sic
997 3960 1130 4027 describi,
1150 3965 1300 4021 ὑπόττοσίι
1318 3965 1420 4033 ἐστινὴ

371 4054 426 4106 ἔσω
450 4057 497 4107 roi
515 4058 657 4127 περιβόλου
677 4058 723 4125 τῆς
744 4058 881 4126 ἐκκλησίαι
904 4059 933 4114 ir
952 4063 990 4134 τῷ
1011 4059 1124 4135 ὅσιοθίφ
1142 4064 1214 4135 ρι’ρει
1233 4066 1280 4115 τοῦ
1300 4062 1421 4131 ἇμβΐινοι

373 4153 477 4215 στάσις,
492 4151 536 4206 ὅτε
554 4154 631 4210 αὐτὸς
652 4157 683 4222 τῇ
701 4159 753 4210 τῶν
772 4156 969 4227 rrarrmoups'srarrrv
983 4156 1167 4229 σονεξέρχεται
1188 4158 1341 4230 inpositura·
1369 4158 1418 4214 ai-

372 4250 497 4319 mactari
515 4250 592 4323 μέχρι
615 4254 658 4322 τῆς
678 4256 838 4325 πληρώσεως
851 4257 896 4324 τῆς
910 4256 979 4311 Orias
993 4258 1156 4329 λειτουργίαι
1175 4258 1226 4312 σὺν
1242 4260 1297 4314 τοῖς
1313 4260 1420 4313 πιστοῖς

373 4349 477 4405 στάσις.
520 4351 624 4420 Meropis
652 4356 703 4405 τῶν
731 4350 906 4424 ἁγιασμάτων,
932 4353 947 4421 ἡ
972 4357 1019 4409 τοῦ
1041 4355 1166 4420 (conorari
1188 4354 1267 4427 riprau
1291 4357 1416 4412 κοινωνία.
