3242 5150
368 378 411 437 44
665 371 913 449 RELIQUIAE
939 370 1115 436 SACRAE.

367 547 447 649 ριάν
465 545 635 650 ἐφόνευσε
653 541 791 650 μεταξὺ
808 551 873 622 τοῦ
891 550 977 622 ναοῦ
990 545 1050 621 καὶ
1062 551 1127 622 τοῦ
1146 544 1419 644 θυσιαστηρῶυ,

368 677 586 787 ἐκφυγόντος
606 689 670 759 τοῦ
697 677 824 764 παιδὸς
852 678 943 776 μετὰ
968 683 1032 777 τῆς
1055 677 1190 780 ματρὸς
1216 676 1418 780 ἘλιζᾶβΝ

368 815 424 920 ἐφ’
445 811 494 894 ὧν
513 815 677 913 οὐδεμίαν
693 813 834 918 μέμψιν
852 814 1009 918 ἔχουσιν.

751 1027 935 1102 ΚΑΝΩΝ
966 1027 1031 1101 ΙΔ.

424 1161 468 1236 Ei
488 1156 530 1235 δέ
548 1190 639 1238 τινες
663 1157 748 1250 βίαν
771 1152 918 1254 πολλὴν
943 1157 1002 1234 καὶ
1029 1152 1189 1256 ἀνάγκην
1214 1152 1445 1236 πεπόνθασι5

366 1289 484 1394 χάμον
502 1288 678 1384 λαβόντες
696 1292 733 1367 έν
752 1294 803 1395 τῷ
822 1286 979 1388 στόματι
996 1293 1053 1369 καὶ
1073 1288 1239 1387 δεσμοὺς,
1258 1293 1317 1368 καὶ
1334 1290 1413 1368 έπι·

367 1427 546 1524 μείναντες
571 1431 749 1527 καρτερῶς
774 1429 820 1528 τῆ
846 1423 1001 1503 διαθέσει
1020 1427 1083 1522 τῆς
1108 1423 1276 1519 πίστεως,
1294 1425 1342 1505 ὡς
1359 1427 1418 1502 καὶ

367 1559 431 1643 τὰς
460 1567 579 1664 χεῖρας
608 1561 725 1639 αὐτῶν
751 1563 878 1657 καῆναι
905 1556 1182 1663 προσαγομένας
1211 1560 1335 1636 ἀκοντὶ
1367 1563 1419 1664 τῷ

368 1695 493 1801 ἀνιέρῳ
520 1693 661 1792 θόματι,
687 1697 876 1795 ὡσπεροῦν
904 1691 1072 1796 ἔγραφόν
1103 1724 1164 1790 μοι
1192 1697 1224 1770 οἱ
1252 1690 1324 1770 ἀπὸ
1354 1695 1418 1790 τῆς

360 1833 533 1934 φυλακῆς
570 1827 820 1930 τρισμακάριοι
857 1825 1032 1930 μάρτυρες
1068 1829 1150 1930 περὶ
1186 1833 1258 1905 τῶν
1293 1829 1331 1905 έν
1372 1831 1469 1930 τῆιο

368 1961 497 2066 Λιβύῃ,
516 1966 574 2040 καὶ
593 1963 703 2064 ἕτεροι
722 1961 760 2040 δὲ
778 1963 1067 2062 συλλειτουργοί·
1097 1967 1130 2038 οἱ
1148 1968 1299 2041 τοιοῦτοι
1316 1994 1413 2059 συμ-

366 2096 641 2201 μαρτυρούντων
658 2098 776 2179 αὐτοῖς
793 2095 959 2194 μάλιστα
976 2098 1034 2174 καὶ
1056 2103 1129 2175 τῶν
1152 2096 1281 2174 ἄλλων
1304 2096 1415 2174 ἀδελ·

367 2237 458 2335 φῶν,
471 2231 637 2310 δύνανται
649 2226 736 2308 εἶναι
750 2232 787 2309 έν
804 2235 850 2334 τῆ
865 2230 1078 2337 λειτουργίᾳ,
1092 2229 1280 2334 ταχθέντες
1291 2232 1328 2309 έν
1343 2237 1418 2312 τοῖς

367 2369 617 2466 ὁμολογιγταΐς·
641 2368 689 2448 ὡς
707 2369 765 2444 καὶ
784 2371 817 2444 oi
836 2365 1158 2467 κατανεκρωθέντες
1175 2366 1212 2444 έν
1230 2372 1307 2447 ταῖς
1324 2374 1418 2445 πολ-

367 2509 449 2586 λαῖς
475 2498 660 2597 βασάνοις,
679 2502 737 2581 καὶ
764 2500 889 2600 μηκέτι
916 2499 1174 2606 έξισχύσαντες
1202 2503 1367 2599 λαλῆσαι
1395 2499 1467 2603 31¹5

368 2634 600 2743 φθεῆξοισθαι
613 2632 636 2734 ῆ
651 2637 835 2734 κινῆῶῆναι
847 2640 896 2718 εἰς
909 2631 951 2712 τό
965 2636 1174 2732 ἀντιστῆναι
1191 2643 1265 2718 τοῖς
1283 2640 1331 2717 εἰς
1343 2633 1414 2729 μα’·

366 2774 432 2869 την
446 2769 677 2870 βιαζομένοις.
707 2766 785 2847 οὐδὲ
804 2768 877 2869 γὰρ
896 2767 1223 2872 σογκατεβεντοτῆ
1246 2768 1419 2875 βδελυρίᾳ

366 2907 494 2999 αὐτῶν,
513 2905 702 3003 ὡσπεροῦν
714 2900 814 3003 παρὰ
828 2908 1124 3002 συλλειτουργῶν
1137 2901 1251 2982 πάλιν
1262 2904 1413 3002 ἤκουσα.

369 3157 399 3205 et
421 3146 522 3210 altare,
538 3162 604 3201 oum
622 3142 773 3220 effugisset
791 3141 869 3201 tilius
919 3143 969 3220 qui
988 3143 1018 3200 in
1038 3142 1141 3221 Libya.
1161 3154 1191 3201 et
1210 3143 1260 3201 alii
1280 3143 1367 3201 etism
1386 3144 1417 3201 in

368 3246 433 3284 oum
459 3234 552 3283 matre
580 3222 746 3281 Elisabeth.
798 3222 869 3294 Quo
919 3223 1007 3281 ssoris
1021 3223 1230 3282 comministri:
1251 3222 1326 3283 tales
1342 3242 1416 3303 pne·
1429 3234 1466 3273 20

368 3305 485 3364 nomine
507 3304 589 3363 nullo
606 3302 694 3361 modo
711 3303 868 3381 reprehen.
919 3302 1018 3361 sertim
1043 3302 1244 3361 testimonium
1268 3302 1418 3361 reddenti·

367 3386 487 3444 duntur.
918 3383 973 3441 bus
997 3402 1098 3441 eorum
1121 3402 1207 3441 oonss
1230 3383 1296 3442 sliis
1319 3383 1417 3441 fratri-

919 3463 983 3527 bus.
1012 3473 1134 3540 possunt
1161 3464 1249 3521 etism
1278 3463 1309 3521 in
1338 3482 1419 3521 sao-ro

483 3527 636 3588 CANON
658 3527 746 3587 XIV·
918 3542 1080 3602 ministerio
1121 3544 1199 3602 inter
1240 3544 1419 3603 consessores

409 3625 442 3682 Si
455 3625 507 3702 qni
520 3635 619 3683 sutem
630 3625 689 3682 vim
702 3624 823 3683 multam
836 3634 866 3683 et
917 3620 1069 3688 oolloosri3
1092 3624 1201 3702 quippe
1222 3623 1323 3701 quiin
1342 3622 1417 3681 mul·
1428 3635 1465 3693 25

366 3706 568 3763 necessitatem
589 3705 665 3784 psssi
687 3714 775 3775 sunt;
800 3705 864 3782 qui·
916 3701 956 3761 tis
980 3703 1134 3761 tormentis
1159 3703 1326 3763 mortificati
1351 3702 1417 3761 fue·

366 3785 475 3860 quein
490 3805 540 3843 ore
558 3785 684 3851 frenum,
700 3794 731 3843 et
749 3784 867 3843 vincula
917 3782 986 3848 rint,
1002 3793 1033 3840 et
1046 3801 1104 3840 non
1124 3782 1251 3860 amplius
1307 3783 1418 3843 tuerint

367 3874 550 3943 aeceperunt,
569 3874 600 3923 et
619 3874 739 3943 propter
760 3865 864 3922 bonnm
917 3862 963 3919 rel
973 3862 1063 3939 loqui,
1073 3862 1120 3921 vel
1130 3804 1416 3931 dioereveiomoveri,

368 3943 435 4001 fidei
455 3944 636 4002 affectionem
662 3964 729 4002 suas
749 3963 867 4020 quoque
917 3952 951 3999 ut
965 3942 1134 4001 resisterent
1148 3943 1184 4001 iis
1198 3944 1250 4019 qui
1266 3944 1326 4001 vim
1341 3944 1417 4001 infe-

367 4042 470 4082 monus
484 4024 530 4081 uri
545 4024 661 4083 fortiter
677 4023 867 4161 Hortulemnt
916 4022 1038 4091 rebsnt3
1073 4042 1169 4100 neque
1202 4024 1280 4081 enim
1315 4036 1465 4092 eorum30

367 4103 403 4160 sd
425 4104 580 4181 profanum
601 4105 673 4163 sacri
696 4104 772 4162 oium
794 4103 866 4181 ipsis
916 4100 1293 4179 improbitatisssensisunt.
1307 4103 1416 4174 Quem-

368 4183 468 4241 invitis
500 4182 647 4250 adductos,
677 4182 864 4261 quemadmo-
915 4180 1072 4239 admodum
1086 4202 1156 4260 ergo
1174 4204 1192 4242 s
1210 4183 1417 4243 comministris

367 4262 436 4321 dum
449 4262 519 4320 mihi
531 4263 709 4341 scripserunt
720 4283 756 4323 ex
768 4273 864 4321 custo·
915 4280 1030 4320 rursum
1052 4261 1162 4330 audivi,
1177 4262 1417 4323 adnumembitur

366 4342 413 4401 din
435 4342 593 4402 beatissimi
616 4355 757 4423 martyres
776 4342 811 4400 de
830 4343 866 4400 iis
915 4341 992 4399 inter
1019 4343 1208 4410 consessores,
1232 4355 1262 4402 et
1286 4343 1417 4421 quicum-
