3242 5150
385 413 428 478 72
721 416 1101 480 ANNOTATIONES

377 582 521 660 ¹fortasse
545 605 584 646 ex
614 586 823 650 antecedente
847 609 923 651 vooe
949 595 1095 670 καρτερῶς
1123 588 1208 652 inter
1235 589 1434 654 scribendum

383 691 498 749 ortum.
546 687 586 750 In
602 709 640 750 eo
656 694 694 754 ὣς
709 710 771 751 non
786 696 888 752 extat.

427 788 528 868 P.44.
542 787 562 850 l.
579 809 628 851 10.
646 791 680 856 ἐν
701 791 736 868 τῇ
757 791 867 875 Λιβύῃ]
882 793 958 854 MS.
973 790 1079 854 Nonii
1094 794 1178 878 ἑντῇ
1198 795 1296 877 Λιβιῇη
1315 791 1434 856 habere

383 886 571 953 Gallandius
586 891 728 968 notavit3
744 891 831 977 ονῐρο
845 893 928 956 enim
940 894 1032 957 abest
1044 893 1208 968 articulus,
1219 914 1313 977 quem
1326 893 1435 977 empti

383 991 462 1054 dant
477 991 642 1055 Bodbsioni
656 1015 753 1057 οννινι
766 1003 885 1078 praeter
899 995 1086 1058 Rawtinson.
1103 998 1144 1058 ⁶2
1145 1012 1178 1079 5.

427 1092 512 1156 Ibid.
529 1093 549 1156 l.
568 1115 616 1158 11.
640 1097 923 1176 συμμαρτυρούντων
946 1097 1055 1181 αὐτοῖς]
1082 1098 1189 1164 Αὐτοῖς
1207 1097 1327 1172 addidi,
1349 1100 1433 1182 quod

382 1193 469 1278 ουῐρο
491 1195 592 1272 abest,
608 1217 657 1259 ιον
679 1219 754 1262 usus
776 1199 890 1262 Metu.
936 1198 1047 1262 Habet
1069 1199 1333 1283 OEeolampadius
1354 1222 1431 1286 quo-

383 1317 453 1380 que,
475 1297 606 1361 manne
627 1319 694 1360 oum
715 1310 743 1363 et
764 1299 877 1384 reliqui
889 1302 1011 1384 fratres
1024 1301 1065 1363 de
1088 1301 1148 1364 illis
1168 1311 1318 1366 testentur.
1365 1303 1433 1365 Ad-

383 1399 484 1462 ditum
498 1400 593 1462 αὐτῶν
608 1398 641 1464 in
656 1400 719 1464 eod.
736 1405 804 1485 196.
851 1402 943 1466 Nune
957 1403 1081 1466 invenio
1097 1403 1128 1467 in
1144 1403 1275 1467 Pedalie
1290 1406 1396 1471 αὐτοῖς.

427 1501 510 1565 Ibid.
526 1502 546 1564 l.
561 1522 609 1588 13.
633 1505 773 1569 δύνανται
796 1505 873 1569 εἶναι
895 1508 929 1568 ἐν
950 1510 985 1585 τῇ
1006 1505 1187 1589 λειτουργίᾳ]
1206 1507 1279 1568 Hoa
1294 1527 1358 1569 non
1372 1520 1431 1581 est,

382 1606 649 1690 quemadmodum
675 1605 778 1670 locum
803 1607 871 1671 vult
897 1607 1027 1692 quidam
1049 1607 1264 1691 interpretari,
1287 1607 1430 1691 ἤιυνριῗεν,

381 1710 453 1784 sios,
468 1708 618 1792 dyptichis
631 1709 845 1788 musaeus,
860 1710 1005 1774 insertion
1023 1732 1091 1774 esee.
1136 1708 1257 1774 Contra
1277 1719 1365 1773 reete
1379 1732 1434 1773 ex-

309 1811 315 1818 ’
382 1810 473 1895 ponit
497 1809 657 1886 Balsamm
681 1813 835 1893 κληρικοὺς
854 1814 911 1891 μὲν
930 1815 1029 1884 ὄντας,
1055 1811 1199 1874 εἶναικαὶ
1220 1810 1313 1874 πάλιν
1336 1813 1369 1874 ἐν
1391 1814 1432 1894 τῷ

382 1913 480 1996 οἰκείῳ
499 1917 606 1996 βαθμῷ
628 1915 644 1974 ὁ
667 1915 768 1979 κανὼν,
784 1916 949 1994 διορίζεται.
989 1915 1108 1978 Itidem
1129 1934 1228 1997 agens
1249 1913 1289 1976 de
1311 1912 1431 1976 clericis

382 2011 543 2097 lanisque,
558 2021 632 2096 post
647 2014 796 2078 nonnulla
811 2017 853 2080 ab
867 2015 929 2080 illis
942 2014 1089 2080 similiter
1101 2023 1186 2089 aeta,
1202 2013 1312 2078 Canon
1327 2017 1431 2097 Λαογ-

382 2113 456 2176 rani
472 2113 602 2178 Oonoitii
616 2115 731 2179 tertius
746 2116 843 2180 laioos
858 2139 984 2202 quoque
998 2115 1166 2203 permittit,
1182 2116 1236 2200 qui
1251 2116 1430 2200 hujusmodi

382 2216 564 2281 necessitati
580 2218 714 2302 subjeeti
730 2227 847 2294 essent,
862 2220 1048 2301 προάγεσθαι
1064 2222 1106 2286 εἰς
1124 2218 1216 2297 τάξιν,
1231 2224 1265 2282 et
1279 2221 1430 2300 προχειρί-

384 2320 495 2396 ζεσθαι.
522 2319 667 2404 Denique
682 2342 753 2384 oum
765 2320 843 2386 dieit
858 2320 898 2384 de
912 2321 1035 2385 olerieis
1049 2321 1115 2406 ipse
1125 2320 1242 2384 Petrus
1257 2319 1290 2382 in
1302 2319 1431 2384 Oenone

382 2444 440 2486 suo
456 2422 502 2486 X.
519 2443 574 2486 eos
589 2423 653 2508 qui,
669 2430 706 2487 ut
728 2423 824 2487 fidem
845 2445 936 2488 suam
956 2424 1171 2489 Christianam
1190 2423 1430 2498 eonfiterentur,

382 2523 518 2589 offieium
534 2546 659 2590 eaerum
673 2534 787 2611 sponte
803 2525 1015 2612 reliquissent,
1029 2534 1063 2592 et
1083 2536 1196 2614 postea
1213 2527 1292 2613 lapsi
1314 2534 1432 2605 essent,

382 2629 428 2691 ὅτι
448 2628 502 2693 οὐκ
526 2630 609 2693 ἔστιν
625 2630 753 2712 εὔλογον
768 2631 802 2694 ε’ν
824 2631 859 2709 τῇ
880 2630 1051 2714 λειτουργίᾳ
1074 2630 1160 2705 εἶναι,
1174 2630 1305 2716 perinde
1320 2637 1371 2694 est
1393 2652 1432 2693 ao

381 2728 409 2793 si
425 2728 540 2794 Latine
555 2730 699 2808 dixisset,
713 2732 881 2796 minume
894 2754 981 2796 suero
994 2732 1119 2796 minime
1132 2743 1259 2818 poseant
1271 2732 1381 2817 sunni,
1397 2732 1432 2795 οὔ

382 2834 522 2897 δύνανται
535 2840 728 2913 λειτουργεῖν.

428 2933 612 2997 Ibid.l.16.
637 2936 678 3000 εἰς
696 2933 804 3018 μάτην]
825 2933 932 2997 Gloss.
955 2937 1026 2998 vet.
1049 2938 1103 3002 Εἰς
1124 2936 1229 3014 μάτην.
1248 2935 1362 2998 Gratia
1387 2937 1431 2997 In

382 3058 519 3100 ονοιιυνι.

425 3136 508 3202 Ibid.
524 3136 545 3200 l.
565 3137 610 3200 18.
630 3139 711 3217 παρὰ
730 3142 970 3218 συλλειτουργῶν
990 3136 1082 3200 πάλιν
1101 3137 1229 3221 ἤκουσα]
1253 3136 1326 3201 MS.
1343 3136 1428 3200 Nan.

382 3244 462 3322 παρὰ
477 3244 717 3320 συλλειτουργῶν
736 3239 830 3302 πάλιν
849 3238 972 3319 ἤκουσα,
988 3238 1172 3322 ταχθήσεται
1191 3242 1302 3307 ἐντοῖς
1321 3242 1428 3319 ὁμολο·

379 3350 494 3424 γηταΐς.
514 3342 692 3406 GALLAND.
740 3341 780 3403 Iu
795 3340 887 3405 editis
907 3349 957 3405 est
978 3340 1071 3405 πόλιν
1093 3340 1305 3424 ταχθήσοντιιι,
1328 3363 1430 3425 neque

382 3444 466 3507 enim
485 3443 518 3507 in
537 3443 577 3507 iis
596 3442 713 3527 legitur
733 3442 827 3508 πάλιν
849 3450 925 3507 aute
948 3442 1072 3522 ἥκουσα,
1089 3443 1174 3527 quod
1189 3450 1297 3506 tamen
1316 3443 1348 3506 iu
1369 3466 1429 3514 om-

381 3545 470 3611 nibus
490 3547 611 3633 seriptis
628 3547 701 3611 meis
715 3544 896 3609 Βοάῖνίνιιιζι
914 3544 1029 3609 inveni.
1074 3546 1176 3608 Porro
1192 3544 1375 3629 ταχθήσεται
1395 3546 1428 3608 in

382 3649 500 3715 eisdem
514 3650 636 3736 seriptis
646 3656 749 3725 extat,
761 3648 948 3732 adduntque
964 3646 1108 3712 similiter
1118 3648 1230 3712 codices
1240 3647 1429 3733 partioulam

262 3806 265 3813 .
382 3754 425 3830 δὲ,
441 3774 536 3838 quam
557 3753 660 3817 locum
682 3752 839 3837 refingens
857 3750 993 3815 restitui.
1039 3749 1131 3814 Nune
1146 3772 1270 3835 quoque
1289 3771 1329 3813 ex
1345 3748 1429 3812 Her-

382 3853 446 3917 veti
462 3856 717 3941 Imerpretmione
730 3854 807 3917 mihi
822 3860 961 3930 montet,
977 3852 1122 3917 extitisse
1141 3852 1173 3914 in
1191 3852 1289 3916 codiee
1306 3852 1429 3916 Titiano

381 3955 476 4019 πάλιν
490 3978 562 4020 eum
576 3958 691 4037 ἤκουσα
711 3957 927 4041 conjunctum,
941 3977 1004 4019 non
1024 3977 1096 4019 eum
1114 3954 1310 4038 textricarum
1331 3962 1429 4039 atque

382 4056 426 4120 ibi
452 4057 645 4141 ταχθήσεται,
673 4080 736 4121 non
761 4056 974 4141 saxonicorum,
1000 4065 1161 4141 repertum
1184 4078 1261 4120 esse.
1307 4056 1429 4120 Similia

383 4159 505 4244 praebet
516 4159 751 4244 OEoolampadii
763 4149 1124 4245 quoque'Intetpmtatio.
1152 4157 1294 4222 Tandem
1304 4155 1428 4223 invenio

383 4260 527 4325 extantia
541 4260 575 4323 in
589 4260 721 4326 Palatio
734 4261 827 4325 πάλιν
840 4262 964 4341 ἤκουσα,
980 4269 1014 4326 et
1029 4261 1220 4344 ταχθήσεται.

428 4362 465 4425 Ρ.
479 4382 531 4445 45.
551 4363 571 4425 l.
585 4384 617 4443 4.
640 4363 858 4448 apodiamina]
881 4363 952 4445 Quo
974 4363 1086 4426 melius
1107 4363 1201 4426 lectio
1223 4383 1297 4425 vera
1320 4370 1430 4427 textus
