3242 5150
379 417 655 483 CONCILIUM
679 418 1006 482 ARELATENSE
1032 418 1059 481 Ι.
1183 421 1247 490 299

193 589 258 653 suis
280 588 454 673 perducere
473 588 644 662 debebunt,
661 610 742 673 quos
762 589 823 674 ipsi
843 588 1026 674 putaverint
1046 589 1207 675 eligendos
1217 593 1243 675 z)

193 701 364 766 sedetiam
386 700 512 786 sliquos
533 701 585 787 qui
607 709 720 766 contre
738 701 886 766 eumdem
902 701 1106 766 Caeciliunnm
1126 702 1246 766 dissen-

195 811 294 888 tiunt,
320 810 398 875 dcte
424 811 586 876 evectione
609 811 745 897 publice,
771 833 830 897 per
853 810 999 876 Africam
1027 819 1060 876 et
1087 811 1246 876 Maurita-

193 921 288 999 niem,
305 921 434 985 indeed
452 921 628 1005 Hispanias
641 921 730 986 brevi
750 927 858 986 tractu
878 920 977 986 secius
996 921 1155 1007 navigare.
1201 921 1246 988 Et

193 1032 268 1096 inde
282 1032 483 1097 nihilominus
497 1033 547 1097 his
561 1033 594 1097 in
609 1033 740 1120 singulis
751 1032 906 1119 episcopis
920 1033 1061 1120 singulos
1073 1033 1245 1100 tractorias

194 1144 328 1221 tribuas,
345 1150 382 1208 ut
403 1144 463 1229 ipsi
484 1144 527 1208 ed
548 1144 767 1229 supradictum
788 1144 891 1208 locum
913 1144 1001 1208 intro
1021 1143 1105 1208 diem
1128 1144 1246 1210 Kelen-

195 1255 308 1318 derum
334 1254 555 1339 Augustorum
580 1254 704 1339 possint
731 1254 912 1340 pervenire:
946 1254 1091 1318 celeriter
1119 1255 1246 1320 intimu-

194 1371 287 1430 turus
308 1363 429 1441 iisdem,
445 1370 483 1429 ut
504 1371 678 1449 antequem
701 1362 956 1450 proficiscuntur,
979 1364 1118 1430 debeent
1140 1366 1245 1451 dispo-

194 1497 281 1549 nere,
306 1480 463 1559 quatenus
491 1475 677 1539 absentibus
705 1473 782 1559 ipsis
811 1481 846 1538 et
872 1473 1037 1559 discipline
1062 1483 1245 1561 competens

194 1584 363 1659 habeatur,
386 1591 420 1648 et
442 1583 528 1648 nulle
549 1583 633 1648 sorte
654 1583 779 1657 seditio,
795 1584 844 1648 vel
866 1583 1044 1669 aliquorum
1066 1585 1244 1660 altercatio,

195 1714 267 1777 qnae
291 1692 334 1756 ud
360 1692 535 1756 monimum
553 1694 689 1757 dedecus
714 1700 849 1776 spectet,
876 1693 1008 1758 orietur.
1062 1695 1112 1758 De
1138 1702 1245 1760 cetero

195 1805 289 1890 plene
304 1804 484 1890 cognitione
498 1813 647 1890 suscepto
660 1804 732 1869 finis
746 1805 947 1871 adhibentur.
982 1805 1066 1876 Quia
1080 1828 1152 1870 cum
1167 1828 1246 1892 pree-

195 1915 331 1979 sentinm
345 1915 394 1979 sui
409 1914 621 1989 exhibuerint,
637 1914 785 1980 universo
799 1937 871 2000 quae
893 1938 977 1980 nunc
994 1917 1027 1980 in
1042 1917 1247 1982 contentione

195 2047 264 2089 esse
286 2032 470 2099 noscuntur,
490 2046 554 2088 non
574 2025 734 2090 immerito
755 2025 850 2088 finem
873 2024 991 2090 debent
1016 2027 1159 2112 occipere
1182 2049 1248 2092 mc·

194 2141 313 2213 turum,
328 2141 367 2198 ut
381 2133 527 2219 protinus
541 2134 666 2219 possint
680 2133 845 2198 terminari
861 2141 958 2220 etque
973 2136 1130 2220 componi.
1162 2135 1245 2200 Nem

195 2266 268 2309 cum
289 2244 376 2329 opud
397 2265 449 2307 me
470 2250 593 2308 certum
614 2243 668 2321 sit,
685 2250 719 2307 te
734 2264 859 2328 quoque
883 2244 943 2308 Dei
959 2245 1073 2309 summi
1094 2267 1163 2310 esse
1183 2247 1246 2311 cul-

194 2362 311 2431 torem,
332 2355 487 2419 confiteor
507 2355 660 2440 puritati
682 2363 757 2432 tuse,
777 2356 863 2440 quod
885 2377 1085 2442 nequaquem
1108 2357 1157 2420 scs
1179 2379 1247 2422 esse

195 2466 320 2540 ducem,
336 2472 374 2530 ut
388 2466 544 2550 ejusmodi
562 2466 781 2531 contentiones
803 2473 837 2530 et
860 2466 1083 2532 altercationes
1102 2466 1247 2531 dissimu-

195 2576 302 2642 lentur
316 2597 336 2640 o
350 2576 442 2641 nobis
450 2601 461 2656 ;
482 2598 522 2641 ex
538 2576 651 2661 quibus
659 2575 795 2641 forsitan
807 2576 997 2640 commoveri
1011 2577 1112 2662 poscit
1124 2598 1247 2641 summa

198 2686 368 2764 Divinitas,
383 2709 447 2750 non
462 2687 563 2751 solum
579 2693 692 2751 contro
706 2686 880 2749 humanum
900 2708 1009 2772 genus,
1026 2688 1082 2750 sed
1102 2687 1200 2751 etiem
1215 2687 1248 2753 in

196 2797 363 2883 meipsum,
377 2800 467 2884 cujus
482 2820 566 2863 cnrae
581 2806 662 2864 nutu
677 2820 735 2862 suo
750 2798 869 2863 caelesti
884 2806 1013 2862 terrens
1024 2797 1130 2862 omnia
1141 2799 1249 2862 mode-

196 2909 299 2972 rnndn
319 2908 485 2986 commisit,
510 2915 567 2973 ⁰ut
586 2930 677 2972 secus
699 2908 818 2994 aliquid
842 2909 996 2973 hactenus
1017 2907 1153 2973 incitate
1174 2909 1248 2972 1'de-

197 3023 317 3083 cemnt.
347 3017 437 3083 Tunc
446 3018 530 3083 enim
543 3040 653 3083 revere
663 3026 698 3083 et
711 3018 892 3104 plenissime
902 3025 1016 3104 potero
1027 3040 1096 3083 esse
1107 3039 1247 3095 securus,

196 3135 231 3193 et
252 3150 378 3215 semper
399 3129 439 3193 de
461 3129 699 3215 promptissime
719 3129 940 3194 benevolentia
959 3128 1171 3214 potentissimi
1187 3128 1248 3193 Dei

197 3238 412 3323 prosperrime
436 3247 471 3303 et
499 3239 622 3324 optimc
650 3261 784 3326 quaeque
814 3261 953 3322 sperare,
985 3262 1057 3304 cum
1086 3238 1249 3303 universos

197 3368 325 3411 sensero
354 3346 463 3412 debito
498 3348 586 3413 cultu
622 3349 787 3414 catholicae
823 3348 983 3434 religionis
1014 3348 1249 3413 sanctissimum

198 3457 305 3521 Deum
320 3458 516 3522 qconccrdio
531 3458 734 3524 observantie
748 3458 961 3524 frutemitntis
976 3460 1129 3523 venerari.
1158 3462 1249 3519 Extat

197 3569 258 3628 haec
283 3570 418 3649 Epistola
432 3591 497 3650 pag.
508 3589 578 3648 259.
593 3572 696 3630 tomi.
715 3572 900 3631 Conciliorum
914 3570 987 3630 edit.
1003 3571 1151 3630 Hardnin.
1166 3582 1197 3635 et
1218 3571 1250 3629 in

199 3672 346 3732 Sirmondi
360 3675 490 3733 Conciliis
501 3678 630 3751 Antiquic
648 3679 757 3748 Gallie,
772 3688 845 3735 tom.
857 3676 878 3735 i.
893 3697 958 3755 pag.
972 3696 997 3733 1.

231 3845 410 3895 ⁰cl.ctsscns.
523 3848 580 3896 nal.
594 3849 710 3898 decernet.
827 3850 882 3899 sat.
898 3850 957 3899 Mc.
969 3848 1080 3899 concordi
1092 3848 1249 3903 comancio

198 3926 356 3977 fretu-nime.
366 3926 442 3991 (recle
452 3929 562 3978 concordi
573 3929 648 3992 ΜΒ.)
