3242 5150
362 305 427 367 ιιι
663 299 1109 379 ιιιικιουιπεκοκπ.

363 475 452 577 {aion
470 472 630 580 ἐκάλυψε
655 471 697 554 τὸ
718 472 918 575 πρόσωπον
936 475 1053 572 αὐτῆς.
1079 478 1109 553 εί
1132 472 1169 553 δὲ
1193 471 1244 572 μὴ
1262 472 1413 578 σφόδρα

362 610 649 716 τνφλῶττουσιν,
684 606 1021 716 ε’πισκοίιοίσθωσαν
1063 605 1128 708 τὴν
1166 609 1413 706 παμποίκιλον

362 753 434 826 τῶν
459 743 558 847 ζώων
581 742 866 842 πολιπιλὴθειοιν,
885 743 932 821 τὰ
958 748 1121 847 χερσαῖα,
1139 742 1186 822 τὰ
1212 744 1344 843 πτηνὰ,
1364 741 1412 822 τὰ

362 880 499 982 ἔνυδρα,
511 881 569 958 καὶ
581 878 912 978 κατανοησοίτωσαν
925 882 973 962 ὡς
984 877 1123 978 ἀληθὴς
1138 881 1195 959 ἐπὶ
1206 884 1252 983 τῇ
1264 879 1412 959 πάντων

362 1017 478 1120 κρίσει
498 1015 570 1115 (for.
581 1015 695 1094 κτίσει
714 1022 860 1120 Vigenn.)
873 1013 1019 1116 γέγονεν
1037 1014 1059 1112 ἦ
1077 1015 1254 1116 μαρτυρία
1272 1021 1335 1093 τοῦ
1354 1016 1436 1101 Bes

362 1149 514 1247 σπότου,
533 1155 590 1230 καὶ
608 1148 727 1231 πάντα
744 1148 837 1230 κατὰ
855 1147 921 1248 τὴν
933 1149 1041 1227 αὐτοῦ
1055 1146 1259 1254 πρόσταξιν
1273 1147 1412 1254 πέφῃνε

362 1285 469 1366 καλά.
530 1301 644 1360 Extant
658 1302 720 1360 haeo
733 1303 764 1358 in
778 1321 861 1380 capp.
873 1321 900 1358 v.
915 1299 1069 1378 postremis
1082 1299 1150 1358 libri
1164 1299 1321 1378 penultimi
1331 1300 1412 1357 Prn-

361 1422 459 1492 parat.
476 1414 657 1494 Evangelicae
671 1415 794 1474 Eusebii
807 1435 873 1495 pag.
891 1434 959 1492 772.
975 1427 1005 1474 et
1020 1435 1081 1493 sqq.
1094 1415 1166 1475 edit.
1182 1415 1357 1494 Vigerianae.

361 1606 473 1653 tantam
501 1594 581 1653 illam
605 1615 639 1653 ao
663 1606 722 1654 tam
751 1596 860 1654 variam
911 1597 942 1654 in
958 1597 1087 1653 omnium
1107 1593 1307 1673 procreatione
1326 1594 1411 1651 testi-

361 1676 552 1734 animantium
561 1674 780 1734 multitudinem
791 1696 860 1735 con·
910 1676 1041 1733 monium
1065 1675 1165 1740 luerit,
1190 1674 1230 1731 Et
1253 1677 1347 1732 omnia
1366 1694 1410 1732 se·
1423 1689 1458 1728 ιο

361 1755 549 1833 templentur,
571 1767 761 1823 terrenarum,
780 1755 858 1814 vola·
911 1755 1031 1814 cundum
1050 1758 1113 1831 <jus
1131 1755 1293 1814 mandatam
1311 1754 1411 1813 extite-

361 1835 468 1901 tilium,
485 1835 667 1912 aquatilium,
689 1856 722 1894 ao
742 1835 859 1895 demum
911 1845 978 1894 runt
992 1838 1073 1895 botta.

361 1914 536 1992 intelligant,
561 1935 648 1993 quam
678 1936 780 1974 verum
804 1916 860 1975 hoo

740 2114 1018 2155 ..φ-

469 2291 544 2362 EX
571 2292 742 2365 LIBRIS
768 2294 955 2366 IISDEM
979 2295 1047 2368 DE
1075 2294 1303 2367 NATURA.

884 2475 911 2540 1.

417 2612 501 2716 Οὐχ
520 2613 647 2697 ἁπλῶς
665 2620 738 2692 τῶν
754 2614 938 2712 μεγίστων
950 2621 1014 2692 τοῦ
1028 2611 1178 2711 κόσμου,
1190 2614 1249 2691 καὶ
1262 2616 1335 2690 τῶν
1349 2612 1407 2691 ὑπ’
1420 2652 1455 2712 15

361 2751 414 2848 (an
434 2748 521 2852 ὑπὲρ
530 2752 565 2854 ,9)
586 2744 705 2845 αὐτὸν,
720 2751 778 2826 καὶ
800 2755 863 2825 τοῦ
888 2750 1040 2849 ἀριθμοῦ
1058 2754 1122 2825 τοῦ
1139 2751 1276 2829 αἰῶνος·
1307 2744 1410 2825 ἀλλὰ

358 2882 504 2964 πάντων
534 2885 593 2962 καὶ
618 2890 690 2963 τῶν
715 2882 920 2987 ἐλαχίστων
943 2882 1085 2985 ἄπειρος
1114 2880 1306 2963 ἀτέλεστος
1335 2884 1409 2959 τῶν

360 3021 433 3116 (for.
452 3015 647 3099 ἀτέλεστόε
664 3026 718 3125 τε)
740 3021 777 3097 ἐν
795 3016 995 3121 ἀνθρώποις
1014 3018 1036 3116 ἡ
1056 3023 1201 3119 γνῶσις.
1260 3032 1354 3090 Extat
1376 3031 1407 3089 in

272 3159 275 3163 ’
360 3153 460 3213 Satria
475 3151 641 3217 Parallelt's,
651 3172 717 3229 pag.
726 3168 741 3227 7
745 3165 763 3230 5
768 3172 794 3210 a.
810 3164 882 3211 tom.
892 3153 923 3211 ii.
935 3152 1006 3211 edit.
1016 3152 1159 3230 Lequien.
1170 3153 1228 3231 Op.
1240 3152 1272 3211 S.
1283 3154 1303 3211 J
1305 3153 1409 3213 oannis

359 3257 542 3318 Damasceni.
1419 3283 1456 3322 20

399 3410 470 3468 Non
491 3409 578 3467 modo
598 3409 786 3468 maximarum
810 3430 856 3469 re·
907 3416 954 3466 τοῦ
962 3411 1130 3480 namnet]
1143 3422 1173 3470 et
1184 3414 1311 3469 omnium
1324 3430 1408 3489 pror-

357 3512 422 3551 rum
442 3491 529 3557 orbis.
539 3501 569 3549 et
580 3511 679 3550 earum
692 3510 756 3568 quae
770 3511 858 3570 supra
908 3492 1049 3550 autetiam
1059 3491 1242 3550 minimarum
1253 3493 1353 3569 ignara
1362 3502 1407 3549 eat

358 3573 454 3651 ipsum
469 3583 548 3639 sunt,
559 3573 630 3649 quin
641 3572 728 3631 etiem
744 3571 857 3630 numeri
908 3582 996 3648 atque
1010 3571 1091 3629 rudis
1105 3572 1231 3630 humana
1244 3571 1381 3650 cognitio.

858 3778 906 3840 ῙῙ.

412 3910 677 4013 Ἐργαστήριον
709 3912 909 4015 ἀνθρώποις
944 3915 1004 3991 καὶ
1036 3911 1197 4013 θεάτρον,
1229 3913 1402 3990 διδασκα-

356 4050 453 4122 λεῖον
472 4046 530 4123 καὶ
555 4043 756 4145 γυμνάσιον
777 4049 797 4126 ὁ
815 4043 953 4145 κοσμὸς
976 4045 1141 4147 ἠνέωγεν,
1163 4047 1204 4124 ἶν’
1225 4043 1332 4124 αὐτὸν
1349 4047 1407 4123 καὶ
1420 4077 1454 4137 25

398 4256 550 4315 Officinam
579 4256 754 4325 hominibus,
779 4276 813 4315 ac
835 4256 994 4323 theatrum,
1020 4255 1146 4315 scholam
1170 4268 1200 4317 et
1224 4255 1406 4335 gymnasium
