3242 5150
371 394 435 458 104
705 391 1084 456 ANNOTATIONES

347 601 348 605 =
371 561 424 626 illo
446 561 597 647 opinatur
618 582 658 625 ex
679 559 823 646 plurimis
843 559 998 645 epistolis,
1017 581 1098 644 quos
1118 561 1151 623 S.
1162 558 1308 624 Hilarius
1328 559 1422 624 oolle-

371 670 465 748 geret
487 663 729 747 adduxerstque
755 661 787 725 in
809 683 906 746 opere
926 682 985 726 suo
1007 660 1160 726 historioo
1181 661 1223 726 de
1248 661 1424 725 Semi-Ari-

371 787 505 830 snorum
528 765 722 830 Ariminensi
749 764 892 829 Oouoils'o.
946 763 1045 828 Certe
1067 785 1139 828 oum
1166 763 1299 828 Arionis
1317 763 1422 848 junoti

372 875 486 952 postes
498 875 574 933 sunt
590 867 714 932 Meletii
729 867 883 952 disoipuli.

416 971 456 1034 P.
468 990 522 1053 91.
543 968 564 1033 l.
578 990 628 1053 19.
649 970 782 1033 Iturius
803 968 964 1053 sermons]
988 968 1161 1032 Praelixum
1181 976 1232 1032 est
1250 968 1337 1033 istud
1359 967 1423 1053 epi-

373 1071 465 1137 stolae
480 1093 605 1156 quoqne
620 1071 711 1136 Petri
725 1093 784 1156 pro
798 1070 958 1137 usitatiori
972 1071 1084 1148 forms,
1099 1071 1219 1156 Incipit
1232 1069 1383 1155 Epistoln

419 1173 503 1238 Ibid.
529 1173 549 1236 l.
567 1193 618 1242 22.
644 1173 857 1259 {estimantes}
886 1173 1005 1238 Vitium
1031 1180 1082 1237 est
1106 1172 1141 1236 in
1165 1173 1226 1237 hoo
1251 1171 1422 1248 sententis,

311 1273 321 1296 ⁴
374 1296 446 1340 oum
461 1275 558 1360 priori
573 1275 625 1340 vix
641 1276 869 1362 eonjungends.
909 1275 989 1339 Mox
1003 1275 1120 1359 adpro
1133 1273 1171 1337 id
1182 1272 1318 1358 reposui.
1334 1271 1354 1336 l
1369 1291 1422 1358 23.

418 1377 501 1442 Ibid
516 1377 537 1442 l.
550 1397 601 1457 24.
616 1400 687 1464 quae
701 1400 723 1443 s
736 1385 770 1443 te
786 1378 957 1466 oonsntur]
975 1375 1127 1441 Defendit
1137 1398 1177 1440 ex
1192 1373 1373 1452 Columella,
1385 1382 1423 1439 ut

375 1478 470 1542 modo
483 1477 559 1556 dixi,
573 1477 720 1542 Mellsus.

419 1582 457 1644 P.
470 1598 523 1664 92.
538 1578 558 1645 l.
571 1601 620 1646 11.
643 1603 717 1646 nem
732 1580 1069 1664 eunom-meliorum]
1095 1580 1179 1645 Haeo
1196 1579 1333 1644 lortssse
1351 1601 1424 1643 oum

375 1683 577 1769 sequentibus
592 1683 739 1768 oonjnngi
754 1683 883 1758 debent,
898 1689 932 1747 et
946 1683 1061 1746 meotis
1074 1703 1133 1764 pro
1146 1692 1256 1746 αιααία
1269 1681 1391 1765 reponi.

420 1785 505 1850 Ibid.
526 1785 569 1850 nb
592 1785 668 1871 ipsis
691 1793 740 1850 est
764 1785 976 1850 eonstitutnm
999 1793 1034 1849 et
1058 1785 1172 1869 fixum]
1198 1783 1333 1849 Confert
1360 1783 1424 1850 ists

375 1908 448 1952 oum
469 1887 599 1952 Conone
615 1907 718 1952 xxxv.
740 1886 794 1972 qui
816 1886 933 1951 dieitur
955 1887 1190 1972 Apostolorum,
1212 1886 1317 1970 Soipio
1338 1885 1423 1950 Mel·

376 1988 444 2052 feus
458 2010 490 2073 p.
501 2006 551 2052 20.
574 1987 759 2051 Ἐπίσκοπον
773 1987 814 2068 μὴ
827 1992 943 2072 τολμᾷν
958 1989 1013 2067 ἔξω
1026 1994 1087 2052 τῶν
1107 1991 1213 2052 ἑαυτοῦ
1231 1989 1310 2070 ὅρων
1327 2014 1425 2071 χειμο-

375 2089 477 2156 reulus
490 2094 641 2153 teusindae
655 2091 698 2154 εἰς
712 2092 764 2156 τὰς
775 2089 815 2170 μὴ
828 2089 1023 2170 ὑποκειμένας
1037 2091 1115 2176 αὐτῷ
1129 2093 1234 2158 πόλεις
1248 2091 1296 2155 καὶ
1315 2092 1423 2173 χώρας.

377 2193 404 2256 εἰ
419 2192 450 2254 δὲ
467 2192 626 2274 ἐλεγχθείη
641 2195 725 2254 τοῦτο
740 2193 906 2271 πεποιηκὸς
925 2195 1006 2273 παρὰ
1024 2192 1152 2272 τὴντῶν
1171 2195 1358 2276 κατεχόντων
1371 2195 1425 2258 τὰς

376 2295 480 2358 πόλεις
495 2293 611 2359 ἓκεῖνακ
624 2290 643 2372 ἢ
657 2296 711 2360 τὰς
724 2294 823 2376 χώρας
837 2294 968 2374 γνώμην,
985 2295 1181 2375 καθαιρείσθω
1196 2295 1244 2359 καὶ
1263 2295 1360 2372 αὐτὸς,
1376 2295 1426 2357 καὶ

377 2394 428 2461 οὓς
453 2395 693 2477 ἐχειροτόνησεν.
738 2394 842 2458 Porro
864 2393 938 2458 inde
959 2402 1107 2459 oonstnre
1126 2395 1174 2460 sit
1192 2394 1271 2480 legis
1290 2395 1426 2479 antiqui-

377 2497 595 2583 tatem,.qnod
611 2519 674 2583 per
693 2497 894 2575 mosten,
910 2505 948 2563 ut
970 2498 1053 2563 inira
1074 2499 1215 2584 positum
1237 2505 1287 2562 est
1303 2497 1357 2561 lin.
1372 2517 1423 2583 23.

377 2599 532 2665 lenem
548 2612 680 2687 μαθηται
703 2612 882 2680 nostraene,
904 2602 964 2667 hon
987 2610 1048 2677 est,
1072 2624 1173 2687 usque
1196 2603 1240 2667 sb
1262 2601 1424 2686 apostolis,

377 2704 564 2768 transmisse
578 2704 683 2768 luerit.

422 2804 508 2869 Ibid.·
523 2805 544 2869 l.
559 2825 606 2885 ¹4·
622 2806 703 2870 bene
717 2806 810 2871 nimis
825 2827 941 2891 mogun
954 2806 1020 2893 est]
1036 2804 1124 2876 Quid
1144 2804 1338 2870 connubium
1354 2826 1426 2890 per-

377 2906 546 2970 tieulsrnm
562 2908 747 2972 Graeoomm
760 2915 835 2993 post
849 2906 918 2971 haen
932 2907 1043 2984 latest,
1058 2907 1173 2972 neseio.

419 3006 501 3071 Ibid.
517 3007 538 3071 l.
554 3028 605 3092 19.
618 3007 772 3092 reperire]
791 3010 836 3071 H.
848 3030 877 3072 e.
891 3017 929 3073 ut
943 3009 1138 3075 ordinentur.

421 3107 505 3173 Ibid.
517 3108 541 3172 l.
556 3127 607 3194 23.
629 3109 758 3175 (lhristo
777 3112 1009 3195 suseeptorum]
1029 3111 1155 3175 Auotor
1175 3110 1311 3175 fortasse
1330 3109 1426 3193 serip-

378 3220 465 3277 serat
490 3214 712 3295 Χριστοδόχων,
747 3221 781 3278 et
815 3213 1002 3277 vertendum
1036 3220 1118 3289 erut,
1156 3212 1309 3276 Odnstum
1335 3212 1426 3276 mol·

371 3314 536 3399 pomum,
552 3321 589 3378 ut
604 3313 686 3378 infre
701 3314 800 3381 hebes
818 3337 850 3397 p.
863 3335 915 3401 93.
931 3316 950 3379 l.
963 3333 1014 3380 21.
1031 3315 1136 3381 ludenti
1153 3314 1318 3380 Christum.
1356 3315 1427 3379 Vox

379 3418 535 3499 Θεοδόχοκ
552 3417 638 3501 opud
662 3426 809 3483 tumores
829 3418 976 3496 ooourrit,
992 3426 1026 3483 et
1039 3440 1062 3482 o
1079 3416 1209 3482 Suioero
1224 3415 1258 3481 in
1275 3416 1427 3482 Πακαντο

378 3517 588 3583 Eoohsinstioo
601 3520 701 3583 Deum
713 3521 877 3607 susdpiens
890 3520 1069 3607 exponitur.

424 3617 507 3681 lbid.
524 3617 544 3682 l.
559 3638 609 3700 24.
631 3622 738 3707 msgni
755 3623 894 3709 episcopi
912 3645 951 3688 eo
965 3621 1067 3707 petris
1086 3620 1188 3686 nostri
1209 3620 1312 3705 Petri]
1331 3619 1428 3685 Alex-

377 3719 513 3785 andrino
527 3742 620 3805 pnpae
635 3744 744 3788 omnes
758 3724 899 3811 AEgypti
914 3724 1083 3810 provinoiae
1096 3722 1248 3807 subjeotae
1263 3731 1348 3787 sunt.

424 3821 505 3886 Ibid.
522 3821 543 3885 l.
555 3842 608 3907 32.
632 3833 760 3910 pastore
781 3848 845 3891 non
867 3826 1076 3913 subsistente]
1099 3824 1223 3889 Videsis
1242 3846 1314 3909 quae
1333 3826 1374 3889 de
1394 3824 1427 3889 S.

381 3923 470 3988 l‘etri
495 3922 571 4009 fuge
596 3948 693 4011 suprn
718 3928 940 3994 adnotavimus
968 3930 1011 3994 nd
1037 3926 1199 4012 Reliquias
1230 3926 1298 4012 ejus
1328 3950 1359 4013 p.
1375 3929 1427 3991 61.

381 4024 547 4089 Meletinm
563 4027 653 4092 Petri
672 4028 780 4114 fingam
798 4038 964 4095 sensatum
979 4029 1106 4094 ordines
1124 4051 1233 4095 ssoros
1247 4029 1427 4106 contulisse,

379 4134 492 4191 narrat
508 4129 699 4195 Sozomeuus
714 4133 798 4197 Hist.
813 4133 902 4197 Eeol.
915 4132 941 4196 l.
955 4152 1006 4212 24.

424 4228 508 4293 Ibid.
540 4230 711 4298 multorum
742 4234 977 4318 incredulitate]
1012 4236 1066 4296 An
1099 4232 1288 4317 intelligitur
1321 4233 1429 4316 lapsus

379 4330 572 4397 multoruml
