3242 5150
333 381 366 444 S.
389 381 610 446 DIONYSII
638 381 781 447 ALEX.
805 383 870 448 DE
893 383 1110 448 NATURA.
1183 385 1247 452 399

196 551 358 646 βιῶτατα
384 551 456 654 ζῶσί
480 587 519 633 τε
548 557 607 633 καὶ
635 553 741 660 φυτά·
773 554 845 657 ζῶα
871 553 947 652 μὲν,
967 554 1004 634 ἕν
1032 588 1070 634 τε
1100 554 1248 658 ὄρνισιν,

198 684 245 768 ὥς
268 692 394 792 φασιν,
414 688 521 781 ἀετοὶ,
540 685 688 790 κόρακές
716 721 765 784 τε,
783 691 843 767 καὶ
868 691 1034 793 φοίνικες·
1063 689 1139 768 ἕντε
1161 722 1244 794 χερ-

200 823 326 918 σαίοις,
345 823 479 926 ἔλαφοί
500 856 551 919 τε,
578 826 637 902 καὶ
661 823 863 929 ἐλέφωπες,
889 827 947 903 καὶ
972 822 1183 926 δράκοντεςς
1212 825 1251 902 ἐν

202 956 239 1036 δὲ
263 963 337 1041 τοῖς
364 956 530 1061 ε’νύδροις,
559 957 606 1037 τὰ
630 957 730 1059 κήτη.
767 959 895 1061 δένδρα
923 959 970 1050 δέ,
999 960 1163 1063 φοίνικες,
1192 962 1251 1038 καὶ

175 1090 312 1193 5δρύες,
331 1095 390 1170 καὶ
406 1091 568 1194 περσέαι.
597 1096 656 1173 καὶ
672 1100 746 1173 τῶν
764 1127 805 1194 γε
825 1092 989 1196 δένδρων,
1008 1092 1054 1173 τὰ
1072 1093 1138 1192 μέν
1151 1095 1252 1172 ἐστιν

202 1230 364 1325 ἀειθαλῆ,
385 1225 409 1305 ἃ
432 1230 490 1306 καὶ
514 1225 784 1329 κοταριθμήσας
806 1262 860 1310 τις
884 1225 980 1308 εἶπεν
1005 1224 1092 1306 εἶναι
1109 1261 1247 1306 τεσσα-

203 1362 406 1464 ρακαίδεκα·
431 1360 477 1440 τῶ
496 1359 534 1442 δὲ
551 1359 642 1465 πρὸς
660 1360 784 1465 καιρὸν
801 1365 910 1453 ἀνθεῖ,
931 1365 990 1442 καὶ
1017 1363 1250 1468 φνλλορῤοεΐ.

205 1494 252 1573 τὰ
270 1493 307 1573 δὲ
324 1505 483 1575 πλεῖστα
499 1503 572 1575 τῶν
590 1531 628 1576 τε
651 1496 839 1602 φυομένων
857 1498 916 1576 καὶ
934 1503 1007 1576 τῶν
1024 1495 1254 1597 γεννωμένων

206 1631 306 1707 ἐστὶν
324 1628 491 1732 ὠκύμορα
508 1633 567 1709 καὶ
584 1635 803 1736 βραχυτελῆ,
821 1629 872 1710 ὦν
890 1633 969 1710 ἐστὶ
987 1633 1046 1710 καὶ
1071 1633 1093 1709 ὁ
1111 1630 1250 1733 ἅνθρω-

162 1798 285 1860 ιοπος,
303 1767 350 1848 ῶς
369 1761 448 1845 εἶπέ
461 1800 513 1848 τις
532 1767 618 1867 ἁγία
631 1769 713 1870 περὶ
731 1768 840 1846 αὐτοῦ
867 1764 1004 1872 γραφή·
1036 1763 1200 1868 οΒροτδς
1218 1764 1255 1844 δὲ

208 1898 376 2002 γεννητὸς
390 1903 565 2003 γυναικὸς,
581 1899 777 2005 ὀλιγόβιος.
807 1900 908 1980 ἀλλὰ
923 1900 1006 1984 τοὺς
1031 1900 1257 1998 συνδέσμους

209 2031 373 2137 φήσουσι
386 2043 460 2115 τῶν
476 2035 620 2136 ἀτόμων
638 2036 932 2132 διαλλάττοντας,
948 2037 1079 2118 αἰτίους
1092 2028 1257 2135 γίνεσθαι

208 2173 271 2267 τῆς
302 2173 384 2273 περὶ
419 2168 484 2270 τὴν
521 2171 691 2273 διαμονὴν
727 2177 926 2277 διαφθορᾶς
965 2174 1036 2271 (for.
1083 2173 1259 2275 διαφορᾶς

214 2315 365 2411 Vigerus).
399 2306 447 2385 τὰ
474 2305 540 2403 μὲν
572 2306 644 2408 γὰρ
674 2309 730 2388 ὑπ’
765 2310 883 2388 αὐτῶν
912 2312 1170 2386 πεπυκνῶσθαι
1199 2307 1259 2385 καὶ

165 2470 201 2527 15
211 2442 476 2546 κατεσφίγχθαι
495 2444 648 2542 λέγεται,
667 2444 714 2523 ῶς
732 2449 846 2520 ταῦτα
862 2447 1049 2525 παντελῶς
1064 2440 1255 2520 δυσαπάλ-

212 2585 330 2653 λακτα
362 2574 544 2674 γεγονέναι
575 2573 772 2675 πιλήματα·
816 2573 862 2653 τὰ
893 2570 931 2653 δὲ
963 2571 1170 2674 μανοτέραν
1202 2576 1261 2652 καὶ

212 2715 389 2813 χαλῶσαν
411 2707 477 2806 τὴν
501 2707 699 2814 συνάφειαν
723 2715 796 2787 τῶν
820 2705 963 2806 ἀτόμων
984 2710 1037 2787 ἐπ’
1062 2703 1261 2805 ἕλαττονῆ

213 2842 326 2922 πλέον
344 2843 543 2946 ἐσχηκέναι,
561 2845 609 2926 ῶς
626 2841 650 2943 ἢ
669 2849 799 2923 θᾶττον
817 2841 841 2943 ἢ
859 2840 950 2941 μετὰ
965 2840 1063 2921 πολὺ
1087 2844 1150 2939 τῆς
1168 2874 1257 2919 κοσ·

215 3003 269 3083 ipsi
299 3002 447 3076 dictitant)
478 3002 591 3080 aquiiae,
624 3004 711 3071 corvi,
764 3000 1081 3061 utaiicubidirinade
1097 2998 1148 3057 illo
1163 2999 1261 3079 Scrip-

168 3098 205 3137 20
215 3096 302 3161 atque
317 3083 481 3161 phoenicca:
500 3085 713 3143 eterrcatribua
763 3095 830 3143 tura
851 3082 990 3160 loquitur,
1013 3082 1082 3141 dum
1106 3080 1156 3143 ait.
1182 3080 1262 3138 Mor.

215 3164 299 3229 cervi,
314 3164 492 3242 elephantes,
508 3182 542 3223 ae
554 3164 712 3235 draconea3
763 3165 832 3223 talia
853 3172 955 3232 οιιίιια,
971 3171 1057 3221 nctus
1079 3164 1115 3221 de
1136 3161 1262 3227 muliere,

215 3266 232 3303 e
259 3245 395 3323 piscibua.
427 3264 491 3321 quae
519 3254 583 3303 cete
610 3244 713 3303 dicun·
764 3244 1086 3322 brevivirenrtempore.
1116 3242 1262 3307 Direraoa,

215 3335 282 3383 tur:
311 3323 475 3402 plantarum
497 3343 575 3392 vcro,
599 3334 632 3383 ut
652 3325 713 3403 pal·
763 3326 875 3401 opinor,
890 3334 1051 3383 atomorum
1062 3342 1165 3393 nexu,
1173 3332 1263 3380 tantae

216 3424 280 3470 σιω,
295 3422 428 3482 quercus,
442 3417 473 3463 et
520 3424 601 3462 raeae.
634 3405 715 3476 Qua·
765 3406 853 3483 hujua
873 3406 903 3463 in
926 3404 1106 3483 persistendo
1128 3402 1262 3461 differen-

170 3498 206 3557 25
217 3486 378 3544 tumetium
387 3504 487 3543 nonnu
500 3485 534 3542 1ae
543 3497 713 3564 perpetuam
765 3486 814 3545 tioe
830 3505 943 3544 causaaa
957 3504 1019 3543 ease
1034 3482 1262 3562 respondebunt.

217 3567 346 3625 retinent
386 3565 575 3634 viriditatem,
617 3566 714 3642 cujua·
766 3566 836 3624 Alia
846 3566 923 3623 enim
935 3563 1079 3631 videlicet,
1091 3562 1218 3641 pressius
1228 3564 1264 3621 ab

218 3646 295 3705 modi
309 3644 527 3724 quatuordecim
546 3665 564 3702 a
579 3647 715 3721 quopiam
766 3646 802 3704 iia
825 3645 990 3720 arctiusque
1011 3642 1177 3719 constringi,
1199 3661 1264 3718 quac

218 3737 426 3785 numerantur:
449 3725 512 3783 ntia
522 3735 603 3783 certo
611 3725 717 3785 florent
765 3724 888 3804 proinde
899 3724 944 3782 uti
955 3722 1097 3787 densiora,
1109 3722 1193 3780 sicud
1205 3722 1264 3781 dia.

218 3819 360 3886 tempore,
375 3816 456 3866 certo
469 3825 587 3884 quoque
604 3806 715 3865 frondi·
766 3804 937 3865 solvendum
973 3803 1060 3881 longe
1097 3802 1265 3861 difficillima

170 3903 209 3959 30
219 3888 273 3945 bua
281 3898 441 3945 exuuntur.
462 3886 531 3944 Alia
539 3885 674 3963 denique,
684 3906 717 3944 ac
766 3887 840 3944 aiut:
864 3884 920 3942 alia
934 3902 1012 3953 vero,
1024 3883 1103 3961 quod
1117 3883 1217 3941 laxiori
1233 3902 1266 3941 ac

219 3967 313 4024 multo
333 3987 402 4027 rane
423 3965 557 4045 plurima,
572 3966 633 4024 aive
651 3986 715 4025 nac·
766 3964 898 4025 solutiori
910 3975 1070 4022 atomorum
1083 3963 1266 4041 colligatione

219 4057 351 4105 cauture
368 4059 455 4113 terra,
470 4048 531 4106 aive
549 4046 716 4124 gignantur,
768 4046 903 4105 devincta
924 4046 992 4110 sint,
1014 4056 1102 4121 atqua
1125 4042 1156 4101 id
1178 4043 1265 4101 etiam

218 4127 406 4203 iniquissimis
429 4128 483 4185 fati
505 4128 631 4203 rituque
656 4128 719 4185 bre·
768 4146 833 4186 curn
858 4126 956 4204 aliquo
978 4125 1163 4193 discrimine3
1191 4121 1266 4180 cclc-

219 4208 343 4265 viaaimae
353 4207 495 4285 angustiia
509 4206 717 4266 includuntur:
769 4208 830 4264 rina
850 4219 1004 4286 propterea
1028 4206 1073 4263 rel
1096 4202 1208 4263 tardius
1232 4203 1269 4259 ab

171 4302 188 4359 3
192 4304 208 4360 5
220 4307 236 4346 e
250 4288 356 4363 quibus
374 4287 462 4345 homo
475 4288 562 4346 ctiam
585 4288 648 4366 ipsc
665 4299 719 4355 eat,
769 4306 867 4345 carum
884 4297 987 4345 ornatu
1000 4284 1211 4363 complexuque
1222 4302 1267 4339 re-

655 4392 733 4441 etot.
746 4392 794 4440 xiv.
813 4406 832 4439 1.
