3242 5150
547 413 597 474 IN
623 413 655 476 S.
681 412 919 476 PHILEAM.
1144 417 1148 423 '
1198 417 1262 479 108

210 580 344 644 Ιλαὲίοασ
365 580 544 665 raptam
566 581 731 646 Athanasii
747 606 776 668 p.
793 600 842 667 17.
861 604 925 647 nou
944 583 1046 668 magis
1066 584 1152 649 hisce
1172 607 1262 650 voca

210 681 292 746 bulis
319 705 363 758 se,
390 705 486 767 quam
513 684 644 748 nexibus
666 687 845 763 verborum,
874 686 927 771 qui
950 686 1042 750 ferrei
1070 708 1147 752 saue
1176 695 1263 765 sunt,

211 783 339 861 moveri,
354 792 391 849 ut
405 785 457 849 vix
468 785 600 871 dignum
615 787 711 851 fuisse
725 788 839 851 horum
855 787 1062 873 interpretem
1076 788 1263 865 arbitretur,

211 887 264 972 qui
280 894 393 951 octavo
413 888 529 952 seacqu
550 889 679 954 viveret.
725 889 784 953 Ait
805 899 964 974 praeterea
984 891 1121 955 Maffeus
1138 913 1263 976 compo

212 988 292 1053 sitas
306 989 402 1053 fuisse
413 990 543 1055 ineunte
558 991 728 1055 schismate
744 991 924 1056 Meletiano
944 993 1039 1057 hasce
1053 992 1215 1078 epistolas,
1230 993 1263 1057 id

212 1112 287 1156 vero
299 1101 446 1156 constare
457 1113 497 1156 ex
512 1093 582 1178 ipsa
596 1093 731 1179 epistola
746 1094 985 1180 episcoporum
1008 1095 1068 1158 hoc
1082 1094 1166 1159 foret
1179 1117 1264 1159 anno

212 1195 287 1279 306.
304 1200 340 1256 ut
354 1201 498 1279 ternpore
517 1195 714 1280 computavit
734 1195 904 1273 Batonius,
920 1196 1119 1282 approbante
1133 1202 1168 1261 et
1187 1197 1263 1262 Bas-

212 1296 326 1380 uagio;
367 1296 581 1361 Athanasium
610 1296 694 1360 enim
724 1297 756 1360 in
782 1297 924 1382 matu
949 1320 1007 1363 sua
1029 1297 1075 1362 ud
1098 1299 1265 1384 Episcopus

213 1399 352 1484 AEyypti
371 1409 398 1462 at
419 1397 529 1482 Lybiae
546 1421 631 1463 auno
645 1401 721 1484 361.
743 1400 925 1485 conscripta
946 1421 1085 1477 narrare,
1108 1407 1186 1464 tunc
1208 1401 1265 1465 du-

213 1523 301 1566 rasse
321 1501 459 1565 schisma
477 1523 577 1565 annos
592 1517 647 1586 55.
701 1501 827 1586 Quippe
851 1517 971 1566 contra
986 1502 1265 1567 Montiauoonium

214 1602 355 1667 ostendit
372 1601 518 1676 Maffeus,
535 1602 647 1687 respici
662 1601 780 1666 ibidem
795 1603 836 1666 ab
853 1603 1035 1668 Athanasio
1049 1605 1091 1668 ad
1109 1605 1264 1690 synodum

214 1713 342 1771 tantum
366 1703 541 1782 Nicaenam,
565 1725 637 1768 cum
660 1703 709 1769 his
732 1705 836 1770 verbis
860 1727 936 1769 usus
960 1706 1074 1782 inerit;
1096 1710 1126 1770 oi
1151 1709 1184 1771 δὲ
1206 1708 1264 1790 πρὸ

214 1806 371 1888 τριάκοντα
385 1806 434 1869 καὶ
448 1806 480 1884 ἓξ
496 1809 570 1870 ἐτῶν
585 1808 808 1890 ἀπεδείχθησαν
819 1809 968 1888 αἱρετικοὶ,
982 1809 1092 1887 καὶτῆς
1106 1809 1266 1887 ἐκκλησίας

215 1907 433 1988 ἃπεβλήθησαν
448 1906 481 1972 ὲκ
497 1909 620 1989 κρίσεως
634 1908 733 1988 πάσης
743 1913 794 1988 τῆς
803 1913 1004 1988 οἰκονμενικῆς
1014 1911 1150 1973 συνόδου.
1180 1911 1265 1973 Con-

214 2009 262 2074 fer
286 2017 320 2074 et
344 2007 542 2072 Lardnerum
566 2009 617 2073 Do
636 2010 722 2074 Hist.
747 2010 914 2095 Eccnyolii
934 2010 1017 2074 Fide
1040 2010 1074 2074 P.
1091 2011 1140 2073 11.
1163 2008 1217 2074 lib.
1235 2030 1262 2074 1.

215 2133 284 2197 cap.
296 2113 349 2174 61.
367 2111 438 2188 fine,
455 2109 507 2195 qui
523 2111 564 2175 de
579 2111 638 2175 hoo
653 2111 722 2176 loco
742 2111 827 2176 idem
844 2111 971 2177 statuit.
1015 2111 1263 2176 commemorari

215 2221 323 2278 monet
348 2213 458 2277 itidem
485 2212 625 2277 Maffeus
650 2222 789 2299 quatuor
818 2213 888 2278 illos
915 2214 1087 2290 antistites,
1115 2214 1169 2299 qui
1198 2215 1263 2299 epi-

216 2315 330 2382 stolam
346 2315 500 2379 misemnt
514 2315 556 2379 ad
570 2314 747 2395 Meletium‚
758 2316 800 2380 ab
813 2315 952 2379 Eusebio
963 2315 1013 2378 his
1027 2315 1139 2391 verbis,
1151 2316 1265 2382 Φιλέας

216 2445 248 2483 τε
274 2419 323 2482 καὶ
346 2416 495 2500 Ἥσύχιος
519 2419 567 2482 καὶ
593 2421 748 2502 Παχύμιος
774 2421 822 2484 καὶ
843 2421 1010 2499 Θεόδωρος,
1033 2424 1092 2481 τῶν
1114 2419 1191 2498 ἀμφὶ
1211 2417 1264 2495 τὴν

217 2525 369 2605 Αἴγυπτον
384 2522 550 2599 ἐκκλησιῶν
565 2523 731 2587 ἐπίσκοποι·
756 2525 854 2604 μυρίοι
867 2547 900 2586 τε
915 2522 964 2585 ἐπὶ
978 2521 1091 2587 τούτοις
1101 2520 1193 2584 ἄλλοι
1203 2523 1264 2583 διο·

217 2628 334 2707 φονεῖς,
356 2624 385 2687 oi
406 2623 480 2706 πρὸς
498 2629 557 2688 τῶν
581 2629 655 2689 κατὰ
674 2626 776 2708 χώραν
797 2625 845 2689 καλ
863 2626 957 2688 τόπον
976 2628 1135 2702 ποροικιῶν
1154 2648 1264 2702 μνημο-

218 2730 362 2791 νεύονται.
379 2725 433 2789 lib.
446 2725 508 2789 viii.
520 2726 602 2790 Hist.
619 2750 687 2813 cap.
702 2747 749 2812 13.
776 2728 962 2810 Narratque
976 2724 1024 2789 vir
1037 2724 1076 2789 cl.
1091 2746 1132 2788 ex
1148 2724 1264 2789 Valesii

218 2830 260 2895 ad
285 2829 457 2893 Eusebium
481 2836 568 2906 nota,
589 2829 621 2892 in
636 2829 726 2893 Actis
750 2829 868 2892 θνοοααο
889 2826 1050 2892 Passiones
1068 2826 1161 2892 Petri
1174 2826 1265 2891 Alas-

217 2930 356 3007 aedani,
377 2929 536 3013 quomodo
551 2928 583 2993 in
598 2930 689 2994 Actis
703 2930 840 3006 Latinis,
857 2951 927 3013 quae
948 2927 1105 2992 Batonius
1119 2927 1263 3002 adduxit,

217 3031 374 3097 nominari
401 3031 557 3108 Phileam,
584 3033 789 3119 Hcsychium,
820 3033 1096 3115 Theodorumque,
1125 3029 1265 3095 omnium

219 3134 432 3202 consessorum
458 3136 511 3219 qui
533 3135 727 3201 tenebantur
749 3135 781 3199 in
805 3157 932 3200 carcere
955 3134 1114 3219 dyuis'm
1137 3143 1165 3198 a
1176 3155 1263 3219 prra-

218 3250 353 3325 ccptcres.
385 3240 417 3301 A
435 3237 547 3303 Philas
561 3260 635 3303 vero
650 3238 750 3323 ipsam
762 3237 928 3323 epistolum
940 3236 1147 3321 compositam
1158 3236 1265 3310 inisse,

218 3343 434 3427 conjecturam
453 3340 529 3404 fecit
550 3340 700 3417 Motibus,
714 3362 786 3404 cum
801 3348 934 3425 propter
951 3337 1080 3402 Eusebii
1101 3337 1142 3400 de
1158 3337 1265 3402 studio

219 3445 287 3529 ejus
300 3444 333 3507 in
348 3442 572 3528 philosophicis
585 3443 759 3529 disciplinis
774 3443 953 3508 excolendis
963 3440 1189 3517 testimonium,
1201 3441 1265 3525 epi-

218 3545 395 3628 stolamque
408 3544 549 3630 ejusdem
564 3543 684 3609 Phileas
699 3543 739 3608 de
754 3543 947 3629 martyribus
961 3542 1185 3627 conscriptam,
1197 3549 1266 3605 tum

219 3648 304 3734 quod
319 3647 361 3711 ab
378 3648 576 3731 Hieronymo
590 3646 674 3711 inter
694 3646 864 3731 scriptores
879 3644 1107 3709 ecclesiasticos
1126 3643 1177 3707 ille
1191 3665 1263 3707 cen-

219 3758 347 3825 seatur;
372 3750 519 3835 quodque
542 3749 735 3835 praecipuum
754 3755 814 3826 est,
835 3748 980 3812 Phileam
994 3746 1050 3824 ait,
1067 3747 1121 3831 qui
1144 3745 1266 3831 primus

219 3873 342 3937 semper
360 3851 436 3916 alibi
455 3850 578 3936 positus
595 3858 653 3925 est,
673 3850 785 3915 ultimo
805 3851 875 3914 loco
895 3858 1026 3934 proptor
1045 3846 1265 3913 verecundiam

218 3955 355 4041 seipsum
371 3955 421 4018 hic
437 3955 654 4019 nominavisse.
689 3953 740 4017 Ex
755 3953 804 4019 his
819 3975 946 4038 quoque
960 3950 1146 4037 fragmentis
1159 3960 1265 4013 osten·

218 4057 267 4121 dit
286 4057 334 4121 vir
353 4057 391 4121 cl.
412 4078 534 4122 errasse
555 4056 747 4142 Βοεοαςίοιη
766 4057 798 4120 iu
820 4054 992 4120 ducalibus
1010 4072 1149 4137 augur.
1166 4073 1198 4115 n.
1219 4072 1266 4130 ¹4·

218 4159 294 4223 dum
312 4166 445 4245 propter
459 4159 615 4235 ordinem,
630 4180 723 4243 quem
743 4157 813 4224 haeo
832 4156 1108 4224 commemorando
1129 4151 1266 4217 servavit

219 4260 387 4337 Eusebius,
407 4260 494 4325 Petri
509 4269 583 4347 post
598 4260 720 4325 obitum
735 4282 847 4346 passos
861 4282 930 4325 esso
945 4267 1102 4342 martyres
1116 4256 1176 4319 hos
1195 4276 1267 4319 con·

219 4363 335 4428 stituit.
359 4362 504 4448 Denique
518 4365 688 4448 desumpta
699 4362 772 4427 olim
785 4364 881 4427 fuisse
891 4363 1070 4447 fragmenta
1081 4359 1170 4421 istaec
1184 4355 1267 4420 idem
