3242 5150
393 428 458 493 246
725 427 1099 492 ANNOTATIONES

393 603 425 664 δὲ
446 599 508 678 άμα
530 604 592 664 τοῖς
611 596 658 662 ὑπ’
675 597 765 660 αι’ττοΰ
785 597 1026 677 πεπλανημένοις
1047 599 1218 679 ὑποτρίψας
1239 601 1273 662 τὸ
1295 599 1447 680 μέτωπον,

391 700 499 764 λοιπὸν
520 701 669 784 παρῤησίη
689 699 846 780 άντέλεγε,
867 697 1005 780 φάσκων·
1029 705 1071 762 TI
1094 706 1170 764 ΓΑΡ
1190 703 1281 766 κακὸν
1299 705 1450 782 πεποίηκα

390 805 449 867 θιο.
464 803 521 866 θνα.
554 805 650 881 (Haeo
665 823 762 887 supra
776 801 808 864 in
824 810 928 877 textu,
945 825 1039 886 quom
1057 810 1182 879 vocant,
1198 803 1341 887 reposita
1353 811 1445 886 sunt)

392 907 430 971 ὡς
453 905 507 969 οὖν
530 907 564 968 ἐν
585 905 699 970 τούτοις
722 903 839 982 ἔμενεν,
861 901 995 982 ἐξέασαν
1016 904 1108 968 αὐτὸν
1127 909 1180 982 τῆς
1200 907 1367 984 ἐκκλησίας,
1383 907 1448 985 άμα

392 1011 453 1073 τοῖς
475 1005 522 1070 ὑπ’
551 1007 640 1070 αὐτοῦ
665 1008 761 1085 δόγμα
783 1003 1061 1084 μεμαθητευμένοις.
1096 1009 1222 1088 τελευτᾷ
1250 1008 1283 1069 δέ
1312 1009 1329 1069 ὁ
1355 1007 1448 1075 αὐτὸς

386 1105 594 1170 ’ποσιτιον
616 1107 677 1186 αμα
698 1109 738 1191 τῷ
756 1107 820 1190 ιιιῳ
839 1107 972 1191 ιιεκφρ,
988 1107 1046 1189 οη(
1067 1108 1106 1174 ὡς
1125 1109 1142 1170 ο
1158 1111 1291 1185 Μωυσῆς
1306 1109 1340 1171 ιν
1361 1111 1444 1188 Men,

391 1211 459 1274 οίιάέ
481 1212 498 1273 θ
521 1209 609 1272 αὐτοῦ
632 1208 765 1288 ἀδελφὸς
785 1208 859 1288 (sor.
880 1208 1017 1272 addend.
1042 1210 1129 1290 ὧς)θ
1150 1207 1269 1288 Ἀαρὼν
1292 1209 1388 1289 ἐτάφη
1410 1213 1446 1274 ἐν

391 1312 470 1396 τιμῇ.
491 1310 657 1392 ἐῤῥίφησαν
670 1307 728 1390 γάρ
744 1310 783 1376 ὡς
802 1309 988 1388 παραβάται,
1004 1311 1053 1372 καὶ
1071 1310 1168 1376 οὐδεὶς
1182 1309 1287 1376 αὐτοὺς
1305 1315 1364 1372 τῶν
1377 1316 1444 1374 θεο-

392 1418 494 1490 σεβῶν
508 1411 704 1490 περιέστειλε.
727 1413 802 1490 μετὰ
817 1416 904 1473 τοῦτο
919 1413 949 1473 οῖ
961 1409 1009 1474 ἔντ’
1026 1410 1115 1474 αὐτοῦ
1129 1411 1183 1473 τὸν
1195 1415 1267 1474 νοῦν
1276 1411 1445 1492 φθαρέντες

392 1513 554 1594 ἐκράτυναν
575 1513 656 1575 τουτὶ
677 1512 711 1576 τὸ
734 1514 840 1593 δόγμα,
857 1515 972 1578 τούτοις
990 1518 1052 1578 τοῖς
1070 1515 1169 1593 ῥητοῖς
1186 1513 1381 1595 ὑπαχθέντες,
1397 1517 1444 1581 οῖς

391 1616 438 1678 καὶ
448 1617 464 1677 ὁ
476 1615 572 1678 αι’σῶν
586 1612 765 1679 διδάσκαλος
777 1611 813 1691 ἐξ
824 1615 926 1696 ἀρχῆς.
941 1611 1039 1676 ὈΤΕ
1051 1616 1110 1693 γὰρ
1121 1614 1309 1691 ἐρυτάμενος
1319 1615 1378 1676 άπὸ
1390 1619 1445 1678 τοῦ

390 1715 606 1796 πρεσβυτερίου
636 1713 704 1794 ἔφη,
736 1715 790 1776 ἔνα
821 1719 905 1777 Θεὸν
927 1713 985 1777 Sto.
1011 1713 1070 1776 Sco.
1116 1712 1198 1776 Hoec
1223 1735 1357 1799 quoquo,
1387 1715 1443 1779 ubi

390 1839 495 1901 supra,
515 1815 710 1898 transcripta
728 1822 814 1878 sunt.
860 1815 995 1878 Gemina
1013 1822 1089 1878 sunt
1107 1814 1338 1899 Epiphanianis
1359 1817 1440 1890 istis,

390 1940 461 2002 quae
476 1919 516 1981 de
530 1917 641 1980 eodem
658 1916 814 1980 Oonsessu
833 1916 968 2000 protulit
983 1917 1016 1980 S.
1032 1917 1230 2001 Hippolytus
1244 1917 1336 1981 initio
1352 1917 1442 1982 Libri

393 2021 505 2083 Contra
535 2020 677 2094 Νοσνυιυ,
703 2039 796 2102 quem
821 2018 906 2082 inter
937 2018 1090 2102 Ορυοουίσ
1119 2020 1311 2104 Sm'ptmm
1339 2020 1440 2084 Εσοίο

388 2122 578 2186 danicorum
601 2142 700 2204 nuper
724 2119 825 2204 posui.
863 2118 990 2200 Ἔτεροί
1011 2144 1091 2186 τινες
1114 2119 1220 2200 ἑτέραν
1244 2123 1441 2184 διδασκαλίαν

389 2221 635 2304 παρεισάγουσιν,
652 2222 811 2300 γενόμενοί
824 2245 903 2287 τινος
918 2220 1037 2298 Νοήτου
1047 2223 1184 2301 μαθηταί,
1197 2221 1230 2288 θς
1240 2222 1275 2285 τὸ
1285 2225 1342 2301 μέν
1352 2223 1440 2303 γένος

388 2325 427 2404 ἣν
451 2329 625 2404 Σμυρναῖος,
642 2323 677 2384 οὐ
698 2321 756 2402 πρὸ
780 2328 897 2385 πολλοῦ
918 2324 1030 2405 χρόνου
1051 2325 1221 2404 γενόμενος.
1266 2326 1363 2392 Οὗτος
1383 2339 1440 2406 φυ-

388 2427 507 2492 σιιιθεὶς
522 2427 563 2491 είς
579 2425 746 2511 ἐπῃρμένον
760 2424 847 2506 ἤχθη·
872 2425 968 2502 οἰήσει
982 2427 1149 2504 πνεύματος
1162 2427 1322 2506 ἀλλοτρίου
1343 2430 1437 2510 ἐπαχ-

389 2531 450 2597 θείς
465 2527 538 2611 (ίοτ.
557 2527 719 2607 ἐπαρθείς).
732 2523 816 2607 Ἔφη
831 2525 884 2591 τὸν
899 2527 1033 2607 Χριστὸν
1048 2527 1138 2591 αὐτὸν
1153 2527 1230 2591 εἶναι
1241 2526 1294 2592 τὸν
1306 2529 1437 2611 Πατέρα,

388 2634 437 2697 καὶ
452 2631 542 2697 αθτὸν
556 2629 609 2692 τὸν
624 2628 747 2709 Πατέρα
761 2633 962 2709 γεγεννῆσθαι
977 2630 1025 2693 καὶ
1041 2630 1224 2693 πεπονθέναι
1244 2632 1293 2693 καὶ
1313 2633 1438 2695 θσοτεθ-

388 2734 517 2814 υηκέναι.
562 2729 672 2812 Ὁρᾶτε
688 2731 763 2793 ὅσον
778 2730 896 2811 ἔπαρμα
912 2732 1031 2809 καρδίας
1049 2732 1097 2794 καὶ
1114 2734 1255 2812 φυσάυμα
1271 2735 1438 2811 πνεύματος

387 2836 547 2915 ἀλλοτρίου
562 2836 745 2911 ὑπεισῆλθεν
765 2834 806 2898 είς
826 2832 924 2895 αὐτόν.
967 2832 1049 2911 Ἤδη
1063 2835 1120 2911 μὲν
1134 2834 1189 2897 οὖν
1204 2836 1237 2896 ἐκ
1254 2840 1313 2897 τῶν
1328 2834 1437 2914 ἑτέρων

385 2936 520 3015 πράξεων
543 2939 584 3002 είς
607 2939 693 2997 τοῦτο
718 2934 842 3015 φέρεται
866 2937 881 2997 ό
910 2936 1038 3016 ἔλεγχος
1058 2935 1165 3008 αὐτῶν,
1189 2937 1234 2998 ότι
1254 2936 1296 3015 μή
1319 2941 1437 3029 καθαρφῖ

385 3038 529 3116 πνεύματι
552 3036 727 3117 ἐφθέγγετο.
772 3034 812 3101 ‘0
837 3039 895 3117 γὰρ
922 3038 964 3103 είς
988 3042 1106 3116 πνεῦμα
1131 3037 1218 3119 άγιον
1243 3044 1437 3119 βλασφημεῖν

384 3139 529 3217 ἔκβλητος
550 3136 673 3219 γένηται
689 3140 767 3216 (σοι’.
783 3134 957 3219 γεγέυηται)
985 3137 1094 3218 κλήρου
1112 3141 1206 3220 άγίου.
1252 3141 1352 3206 Οὗτος
1369 3143 1436 3204 ἐλε-

384 3264 440 3321 γεν
467 3237 572 3301 ἐαυτὸν
597 3236 673 3300 εἶναι
699 3242 844 3316 Μωῦσῆν,
872 3239 920 3301 καῖ
945 3237 999 3301 τὸν
1027 3239 1164 3320 ἀδελφὸν
1192 3240 1282 3303 αὐτοῦ
1306 3238 1434 3321 Ἀαράν.

384 3346 487 3405 Ταῦτα
510 3341 692 3405 ἀκούσαντες
715 3341 744 3402 οῖ
766 3339 904 3419 μακάριοι
924 3342 1132 3421 Πρεσβύτεροι
1154 3342 1435 3422 προσκαλεσάμενοι

385 3444 512 3506 ε’νάπιον
526 3446 578 3521 τῆς
592 3443 751 3520 ἐκκλησίας
767 3440 916 3520 ἐξήταζον·
939 3443 1001 3505 ὁδέ
1012 3442 1139 3523 ήρνεῖτο,
1153 3440 1253 3524 λέγων
1266 3446 1319 3510 τὰς
1330 3446 1435 3526 ἀρχὸς,

384 3544 423 3623 μὴ
444 3551 578 3626 φρονεῖν.
603 3544 730 3624 ὕστερον
753 3543 786 3605 δέ
806 3542 1004 3621 ἐμφολειίσας
1019 3542 1053 3606 ἔν
1072 3569 1161 3617 τισιν,
1178 3546 1226 3607 καὶ
1245 3544 1435 3614 συσκευάσας

384 3649 478 3731 ἔαυτῷ
509 3645 790 3725 ουμπλανωμένους,
819 3642 948 3724 καθαοθν
976 3644 1049 3722 (for.
1079 3645 1127 3708 καὶ
1151 3646 1280 3725 θορῤὣν)
1307 3647 1435 3728 ὕστερον

383 3749 472 3831 ίστᾷν
485 3748 520 3811 τὸ
535 3750 631 3829 δόγμα
647 3748 803 3827 ἐβούλετο.
842 3744 907 3808 Ὃν
921 3745 1015 3808 πάλιν
1029 3747 1311 3827 προσκαλεσάμενοι
1330 3749 1360 3810 οί
1379 3772 1433 3826 μα·

383 3848 478 3929 κάριοι
504 3850 712 3930 Πρεσβύτεροι
733 3846 876 3927 ἤλεγξαν.
919 3844 959 3909 Ὁ
983 3848 1015 3909 δὲ
1043 3848 1211 3922 θντίστατο,
1239 3844 1350 3928 λέγων·
1395 3849 1437 3911 Τί

381 3952 435 4014 οὖν
449 3950 538 4012 κακὸν
553 3955 626 4011 ποιῶ
641 3948 770 4027 δοξάζων
784 3948 838 4011 τὸν
853 3950 1005 4029 Χριστόν,
1030 3948 1101 4029 πρὸς
1117 3946 1154 4012 ὃν
1168 3950 1433 4028 άνταποκρίνονται

380 4053 410 4115 οῖ
425 4051 641 4131 Πρεσβύτεροι·
680 4050 738 4113 Καὶ
753 4052 837 4129 ἡμεῖς
852 4052 907 4113 ἔνο
922 4050 1006 4113 Θεὸν
1027 4053 1149 4127 οἴδαμεν
1164 4050 1289 4127 άληθῶς.
1311 4052 1434 4128 οἴδαμεν

380 4153 522 4234 Χριστόν·
544 4152 665 4229 οἴδαμεν
676 4150 730 4213 τὸν
743 4151 818 4214 Ύίόν
828 4152 972 4223 παθόντα,
986 4152 1082 4215 καθὼς
1093 4150 1214 4227 ἔπαθεν,
1229 4151 1430 4223 άποθανόντα,

381 4256 476 4320 καθὼς
498 4250 657 4325 άπέθανευ,
676 4253 723 4315 καὶ
746 4252 919 4315 ἀναστάντα
941 4253 976 4339 τῇ
1000 4254 1080 4337 τρίτῃ
1102 4250 1205 4336 ἡμέρη,
1231 4254 1278 4315 καὶ
1300 4254 1375 4315 ὄντα
1398 4254 1432 4315 ἐν

379 4359 460 4442 θεξίη
475 4361 525 4420 τοῦ
541 4354 670 4436 Πατρός,
688 4354 736 4419 καὶ
750 4356 913 4437 ἐρχόμενον
929 4361 1025 4434 κρῖναι
1041 4356 1150 4431 ζιῖιπας
1166 4355 1213 4416 καὶ
1229 4353 1358 4433 νεκρούς·
1383 4354 1430 4416 καὶ
