3242 5150
375 416 440 478 144
707 411 1078 476 ANNOTATIONES

377 583 538 667 οχεθέντες
553 582 591 649 ὦς
606 583 790 662 Χριστιανοί·
814 582 977 662 ὰφύτιοτοι
996 581 1029 642 δέ
1051 580 1136 644 ὄντες
1153 581 1228 658 μετὰ
1242 583 1335 642 ταῦτα
1349 581 1424 654 ἐβα-

376 688 556 765 πτίσθησαν
578 685 665 748 οὐδὲν
680 683 785 749 αὐτοὺς
799 684 907 745 κωλύει
921 681 955 744 τὸ
974 686 1062 744 θῦσαι
1076 683 1118 746 εἰς
1131 681 1165 743 τὸ
1180 684 1367 763 προαχθῆναι
1381 683 1425 747 εἰς

376 787 471 866 τάξιν,
486 785 639 850 τουτέστιν
655 787 696 851 εἰς
712 787 872 865 ἱερωσύνης
885 785 1015 864 βαθμύν.
1037 782 1071 845 τὸ
1088 784 1146 863 γὰρ
1157 781 1246 864 ἅγιον
1255 784 1423 862 βάπτισμα,

377 887 496 952 ἅπαντα
507 891 544 950 τὰ
555 889 655 968 πρύην
665 888 842 966 μολύσματο
851 888 1020 949 ἀπολοῦσαι
1030 886 1078 948 καὶ
1087 884 1246 965 έκκαθύραι
1254 886 1425 948 πιστεύεται

375 993 467 1054 ὁποῖα
482 989 519 1053 ὃν
535 989 605 1052 εἶεν.
629 989 708 1054 (lum
724 989 784 1052 hoo
800 990 932 1052 Canone
947 987 1053 1051 confer
1067 995 1102 1052 et
1116 987 1195 1052 Gan.
1212 985 1310 1049 XIV.
1322 986 1424 1068 ejusd.

377 1091 512 1156 Concilii
526 1092 665 1166 Monoi,
682 1099 715 1154 et
731 1092 810 1154 Can.
828 1091 885 1152 IV.
901 1089 1047 1174 Epistola
1065 1089 1226 1152 Cononicae
1241 1086 1360 1150 Basilii
1373 1088 1424 1151 Μ.

376 1194 603 1278 Cauonemque
624 1192 701 1257 item
729 1193 786 1255 IV.
813 1190 1039 1254 Commoaiwn'i
1065 1189 1227 1276 I'lcoplc'li
1246 1189 1336 1253 Alsa.
1383 1190 1425 1252 In

376 1317 469 1364 sporo
489 1301 597 1360 autem
619 1294 745 1358 lavacro
766 1292 852 1356 ablui
875 1300 972 1376 atque
994 1291 1113 1376 ignosci
1133 1291 1314 1354 hominibus
1332 1312 1427 1354 omno

378 1407 554 1484 ροοοοιυιιι,
570 1397 715 1461 universa
730 1395 866 1459 credidit-
880 1393 1065 1478 antiquitas.

758 1563 911 1630 OANON
935 1564 1043 1627 XIII.

423 1701 460 1766 P.
477 1720 547 1765 121.
563 1700 584 1764 l.
605 1721 652 1781 14.
669 1699 925 1781 Χωρεπισκόποις]
945 1696 1095 1761 Ostendit
1109 1696 1311 1761 doctlssimus
1326 1696 1430 1762 Bove-

378 1804 484 1889 ragius
514 1803 642 1866 uberius
671 1801 722 1865 hic
750 1803 920 1876 adnotans,
946 1800 1187 1885 chorepiscopos
1215 1821 1334 1876 omncs,
1361 1802 1428 1864 siue

379 1907 544 1991 episcopos
572 1905 605 1968 in
635 1925 708 1967 rure
738 1904 939 1976 constitutos,
970 1924 1161 1986 quamquam
1192 1904 1231 1967 iis
1263 1923 1430 1966 munerum

379 2009 501 2092 aliquot
531 2006 754 2090 episcopalium
786 2004 972 2068 exercitium
1004 2005 1177 2068 canonibus
1207 2003 1428 2068 ecclesiasticis

379 2117 437 2173 aut
451 2108 642 2192 denegatum
660 2107 767 2182 fuecit,
776 2118 833 2169 auc
848 2105 962 2169 saltem
973 2105 1125 2170 limitibus
1136 2114 1224 2170 arcte
1236 2105 1426 2183 conclusum,

379 2231 489 2274 revera
520 2209 683 2293 episcopos
708 2208 813 2272 luisse.
859 2207 945 2271 Vide
970 2217 1003 2272 et
1030 2209 1197 2294 Biughami
1227 2209 1314 2293 Οηρ.
1340 2207 1425 2273 Ecol.

378 2313 431 2376 lib.
447 2313 479 2376 ii.
496 2334 566 2396 cap.
586 2331 631 2390 ¹4.
679 2312 750 2396 lpse
765 2318 873 2374 autem
888 2310 1060 2373 Rhabanus
1078 2311 1222 2388 Maurus,
1237 2311 1290 2394 qui
1311 2309 1427 2373 saeculc

380 2435 463 2476 nono
479 2411 616 2477 libellum
631 2413 680 2476 Da
699 2411 922 2496 Charopiscopis
936 2411 1131 2496 conscripsit,
1143 2433 1271 2474 oaumm
1285 2411 1427 2495 ipsorum

380 2523 506 2582 tutatus
521 2523 580 2594 est,
594 2537 631 2580 ac
646 2515 754 2580 munia
769 2513 935 2599 exposuil;
960 2513 1043 2598 quod
1060 2514 1185 2597 quidem
1201 2534 1280 2598 opus
1294 2513 1326 2577 in
1338 2521 1426 2578 tomo

380 2631 493 2685 octavo
511 2618 713 2685 Oualla-nam
732 2641 752 2682 a
775 2617 913 2681 Labbaeo
931 2623 964 2679 et
984 2614 1146 2678 Gossartio
1163 2614 1320 2679 editorum
1338 2616 1427 2699 prius

380 2731 504 2798 extans,
520 2723 561 2786 ad
577 2723 670 2785 finem
686 2743 809 2805 quoque
825 2719 917 2783 Petri
936 2718 972 2781 do
987 2718 1102 2780 Marco
1120 2717 1157 2780 dc
1179 2718 1346 2781 Concordia
1368 2720 1426 2782 Sa·

379 2824 504 2888 cordesii
529 2834 556 2888 ct
581 2824 713 2909 Imperii
741 2846 761 2886 a
787 2821 917 2885 Baluzio
944 2818 1131 2883 collocatum
1158 2827 1226 2892 cst;
1259 2828 1357 2903 atque
1386 2842 1426 2883 ex

380 2924 433 2987 illo
455 2926 551 2988 verba
572 2924 715 3008 apprime
735 2924 832 3005 digna
854 2929 969 2985 notatu
991 2920 1073 2984 inira
1092 2919 1299 2983 describenda
1320 2920 1426 2983 censui

380 3026 422 3087 ad
452 3025 612 3089 Oanonem
644 3024 752 3086 XIII.
784 3022 914 3085 Omcilc'i
935 3020 1198 3097 Νοοοσιατύοαςιὲι,
1223 3020 1275 3105 qui
1300 3020 1426 3103 quidem

378 3148 482 3190 canon
498 3127 537 3189 de
552 3126 791 3210 Ohorcpiscopis
807 3124 884 3209 agit.

427 3228 509 3292 Ibid.
533 3230 775 3308 Χωρεπισκόποις
795 3229 836 3305 μὴ
859 3230 977 3305 ἐξεῖναι·
991 3226 1066 3313 &o.]
1099 3229 1183 3305 Μηδὲ
1209 3226 1427 3306 πρεσβυτέρους

379 3333 506 3397 πόλεως.
554 3330 642 3405 Haec,
667 3350 762 3412 quam
786 3328 980 3406 exhibemus,
1005 3336 1155 3392 constans
1180 3334 1230 3391 est
1252 3328 1345 3411 hujus
1367 3328 1427 3391 loci

381 3432 484 3506 lectio,
502 3455 564 3495 non
579 3432 673 3496 modo
688 3432 719 3494 in
737 3432 808 3495 MS.
823 3432 1006 3507 Bodleiano,
1021 3432 1076 3495 sod
1091 3439 1124 3495 et
1139 3431 1171 3493 in
1187 3431 1332 3494 omnibus
1346 3430 1425 3509 aliis,

381 3544 448 3598 tam
472 3533 678 3607 Balsamonis,
703 3556 797 3617 quam
814 3536 961 3609 Zonarae‚
981 3534 1045 3597 sive
1066 3534 1227 3618 impressis
1246 3533 1311 3596 sive
1330 3554 1426 3595 mauu

381 3637 521 3701 exaratis
536 3635 714 3713 codicibus3
737 3637 796 3699 nisi
812 3637 896 3721 quod
912 3638 943 3699 in
960 3636 1107 3700 Gallaudi
1130 3636 1239 3700 codice
1258 3656 1317 3719 pro
1337 3659 1427 3713 πρεσ-

379 3740 523 3819 βυτέρους
538 3740 663 3824 legatur
676 3743 892 3821 πρεσβύτερον,
909 3760 1001 3801 sensu
1017 3738 1093 3800 nihil
1109 3746 1243 3800 mutato.
1267 3735 1427 3800 Zonaram

380 3840 477 3903 etiam
493 3842 714 3922 πρεσβυτέρους
728 3842 841 3923 legisse
855 3862 895 3903 ex
910 3840 1037 3903 scholiis
1051 3839 1118 3923 ejus
1130 3847 1241 3922 patet:
1265 3838 1427 3902 Oanonem

380 3942 464 4006 enim
487 3943 534 4007 itu
556 3943 853 4024 interpretamus
875 3942 902 4005 si
924 3942 975 4004 hio
997 3941 1238 4026 Choropiscopis
1260 3940 1427 4004 interdice-

381 4052 470 4109 retur
494 4044 696 4129 presbyteros
723 4044 821 4108 etiam
843 4044 876 4106 in
898 4044 976 4107 urbe
998 4042 1106 4127 aliqua
1127 4042 1328 4107 constituere.
1375 4043 1427 4120 Μὴ

381 4150 492 4225 ἐξεῖναι
507 4146 604 4212 αύτοῖς
617 4147 823 4226 πρεσβύτερον
843 4143 861 4223 ἢ
879 4145 1018 4209 διάκονον
1038 4152 1231 4228 χειροτονεῖν,
1252 4146 1335 4207 ἄλλα
1353 4145 1427 4224 μηδὲ

380 4246 602 4329 πρεσβυτέρους
626 4249 659 4310 έν
681 4248 770 4309 πόλει
795 4249 950 4329 καθιστζιυ.
1008 4247 1103 4310 Hanc
1127 4255 1236 4310 aulem
1259 4245 1427 4309 lectionem

382 4370 546 4415 erroneam
562 4370 630 4411 esse
646 4356 737 4411 extra
761 4348 890 4412 dubium
913 4357 974 4412 cst.
1020 4348 1102 4411 Nam
1123 4350 1155 4411 in
1175 4348 1278 4433 prima
1297 4348 1428 4411 canonis
