3242 5150
355 350 422 413 884
541 346 700 410 GESTA
727 342 857 409 APUD
881 343 1216 406 ZENOPHILUM.

355 514 499 599 aeoipere
509 511 676 576 neminem.
707 509 900 596 Zenophilus
912 511 951 573 V.
961 510 998 576 O.
1010 507 1184 574 oonsnlaris
1193 508 1292 574 Oasto
1303 509 1404 572 dixit:

356 625 428 706 Quo
439 644 515 706 ergo
528 622 756 707 pervenerunt?
772 621 891 684 Castus
906 617 1005 683 dixit:
1024 617 1151 684 Nesoio.
1188 617 1407 682 Nundinarins

356 732 456 796 dixit:
484 731 605 816 Utique
625 729 674 795 vel
693 729 812 795 audisti
826 728 881 811 ,rel
900 727 1007 792 vidisti
1028 727 1055 792 si
1078 727 1199 792 dietum
1217 734 1267 791 est
1288 748 1406 812 paupe-

356 842 462 905 ribus:
484 840 554 905 Dat
569 848 604 904 et
618 839 707 904 vobis
721 839 762 902 de
776 860 812 904 re
832 859 891 902 sua
910 837 1043 902 Luoilla.
1075 837 1191 904 Oastus
1205 837 1304 903 dixit:
1330 837 1404 900 Non

355 951 421 1016 vidi
442 951 580 1037 aliquem
601 950 754 1035 aoeipere.
798 948 992 1033 Zenophilus
1007 949 1045 1011 V.
1057 947 1093 1012 0.
1110 947 1284 1012 oonsnlaris
1302 946 1403 1011 dixit:

358 1061 535 1126 Manifesta
552 1067 603 1125 est
617 1060 707 1126 (lasti
727 1060 881 1125 eonsessio
896 1058 981 1143 quod
1000 1058 1090 1122 folles
1109 1080 1188 1143 quos
1209 1057 1330 1122 Lucilla
1348 1057 1404 1120 do·

356 1172 455 1250 navit,
470 1171 587 1256 populo
601 1169 719 1235 divisos
733 1192 802 1235 esse
816 1169 971 1242 nesciret:
997 1176 1031 1234 et
1044 1167 1117 1234 ideo
1130 1175 1324 1233 amoveatur.
1357 1167 1405 1232 Et
1453 1195 1463 1210 ·

356 1281 508 1367 applioito
523 1281 748 1347 Oroeeentiano
761 1279 967 1357 subdiaeono,
982 1279 1176 1366 Zenophilus
1192 1281 1230 1344 V.
1240 1283 1278 1344 C.
1294 1301 1405 1344 oonsu-

356 1391 433 1456 laris
447 1390 546 1455 dixit:
574 1390 653 1472 Quis
672 1391 813 1455 voeatis!
835 1390 1030 1474 Respondit:
1056 1388 1309 1454 Cresoentianus.
1345 1389 1406 1452 Ze-

356 1500 504 1586 nophilus
527 1502 566 1565 V.
576 1499 614 1564 C.
638 1498 812 1565 oonsnlaris
834 1498 1059 1564 Oresoentiano
1082 1497 1181 1562 dixit:
1212 1497 1404 1583 Simplioiter

357 1610 440 1674 dent
454 1617 489 1675 et
503 1609 610 1688 ceteri,
626 1609 778 1674 eonfitere
797 1617 906 1673 utrum
926 1609 1008 1673 seiae
1025 1609 1215 1673 traditorem
1231 1606 1403 1672 Silvanum.

358 1720 601 1785 Crescentianus
615 1719 716 1784 dixit:
739 1718 868 1782 Priores
887 1718 941 1802 qui
960 1718 1088 1784 luerunt
1110 1717 1225 1796 olerioi,
1237 1718 1298 1803 ipsi
1319 1725 1406 1784 retu-

357 1827 464 1893 lerunt
483 1828 615 1914 singula.
659 1827 853 1911 Zenophilus
877 1827 913 1891 V.
923 1827 960 1893 Ο.
984 1826 1157 1892 oonsnlaris
1180 1827 1406 1894 Oreeeentiano

358 1938 460 2002 dixit:
487 1938 571 2018 Quid
598 1936 796 2001 retulerunt!
822 1937 1064 2002 Oresoentianus
1087 1936 1188 2001 dixit:
1209 1936 1405 2002 Referebant

359 2049 444 2134 quod
458 2047 598 2112 traditor
616 2053 709 2111 esset.
753 2046 946 2132 Zenophilus
962 2048 1000 2111 V.
1013 2048 1048 2112 Ο.
1064 2046 1237 2111 oonsnlaris
1256 2046 1405 2112 Oreseen·

358 2156 449 2220 tiano
470 2153 569 2218 dixit:
592 2153 753 2219 Dixerunt
775 2153 863 2218 illum
884 2155 1094 2220 traditorem!
1115 2155 1162 2220 Et
1183 2156 1318 2241 adjeoit:
1342 2155 1405 2237 Qui

359 2263 528 2327 dieebautl
542 2263 784 2328 Oresoentianus
798 2263 897 2328 dixit:
917 2265 978 2344 Qui
990 2287 1062 2328 eum
1072 2263 1125 2329 illo
1136 2265 1406 2330 eonversabantur

358 2373 392 2436 in
407 2373 508 2458 plebe,
525 2373 675 2437 dixerunt
689 2373 774 2459 quod
788 2373 960 2460 aliquando
974 2375 1170 2440 tradidisset.
1212 2374 1405 2460 Zenophilus

360 2484 399 2548 V.
411 2484 446 2549 0.
461 2483 635 2549 oonsnlaris
655 2483 880 2549 Oresoentiano
898 2485 994 2550 dixit:
1018 2487 1069 2550 De
1089 2485 1216 2550 Silvano
1235 2485 1406 2550 dicebant!

359 2596 602 2661 crescentianus
617 2596 717 2661 dixit:
741 2596 872 2683 Utique.
917 2597 1109 2683 Zenophilus
1125 2599 1164 2662 V.
1177 2597 1214 2662 (l.
1233 2598 1407 2662 oonsnlaris

359 2704 583 2769 crescentiano
607 2704 707 2769 dixit:
730 2705 810 2770 cum
833 2705 936 2771 iaetus
958 2705 1069 2770 suisset
1088 2706 1263 2790 episeopus,
1287 2712 1407 2789 praesto

359 2815 466 2879 fuisti?
488 2814 731 2880 Greseentianus
752 2815 850 2880 dixit:
876 2816 1023 2879 Praesens
1044 2837 1116 2879 oum
1141 2816 1258 2899 populo
1280 2815 1337 2892 fui,
1358 2815 1407 2878 in-

359 2924 463 2988 olusus
477 2924 510 2986 in
525 2946 601 2988 oasa
618 2924 747 3009 majore.
792 2924 1009 2989 Nundinarius
1023 2924 1174 2989 diaeonus
1188 2923 1288 2989 dixit:
1313 2924 1405 2991 Gam-

359 3054 472 3117 penses
486 3039 520 3095 et
535 3030 695 3095 harenarii
709 3032 852 3096 ieoerunt
869 3032 956 3096 illum
977 3032 1168 3119 episeopum.
1212 3034 1406 3119 Zenophilus

360 3142 399 3204 V.
416 3139 452 3206 0.
482 3139 656 3204 oonsnlaris
684 3140 909 3205 Oreseentiano
943 3142 1044 3207 dixit:
1079 3143 1193 3208 Mutus
1221 3143 1407 3210 harenariae

360 3257 447 3314 eerte
468 3272 540 3314 eum
564 3250 712 3315 sustulit!
737 3250 846 3315 Dixit:
876 3253 1060 3319 Manifesta.
1104 3254 1298 3339 Zenophilus
1321 3257 1357 3320 V.
1370 3256 1405 3320 0.

360 3359 534 3424 oonsnlaris
554 3359 780 3424 Creseentiano
799 3360 901 3425 dixit:
924 3362 1029 3448 (lupas
1044 3364 1084 3428 de
1104 3364 1180 3429 sano
1200 3364 1329 3448 Serapis
1345 3366 1407 3430 seis

360 3493 428 3536 esse
448 3472 610 3538 sublatas?
632 3473 875 3539 Oresoentianus
897 3474 998 3540 dixit:
1024 3476 1137 3541 Plures
1156 3475 1305 3543 dieebant
1321 3478 1405 3561 quod

360 3582 537 3666 Purpurius
551 3584 717 3670 episeopus
729 3584 797 3669 ipse
811 3584 976 3650 sustulerit
991 3607 1107 3671 cupas:
1124 3593 1158 3651 et
1171 3593 1310 3663 aoetum,
1321 3588 1406 3671 quod

360 3692 401 3757 ad
424 3714 532 3757 senem
547 3700 691 3759 nostrum
708 3694 872 3760 Silvanum
894 3694 1099 3780 pervenisset,
1114 3704 1170 3760 ⁰et
1192 3694 1247 3759 filii
1269 3696 1406 3760 AElionis

360 3801 518 3867 dieebant.
557 3804 751 3888 Zenophilus
766 3806 805 3869 V.
816 3805 851 3870 0.
867 3804 1039 3869 oonsnlaris
1059 3805 1284 3870 Oresoentiano
1304 3806 1405 3871 dixit:

361 3912 444 3994 Quid
469 3912 608 3978 audisti?
634 3915 880 3980 Cresoentianus
905 3915 1006 3979 dixit:
1036 3919 1176 3983 Aoetum
1201 3916 1363 3983 sublatum
1387 3938 1408 3981 a

360 4044 435 4088 sene
450 4021 576 4087 Silvano
598 4031 632 4089 et
647 4024 768 4089 Dontio
790 4032 824 4089 et
844 4026 977 4111 Superio
998 4028 1193 4113 presbyteris
1212 4034 1246 4093 et
1267 4029 1408 4093 Lueiano

361 4132 504 4197 diacono.
549 4133 741 4218 Zenophilus
757 4135 795 4199 V.
808 4133 846 4199 C.
863 4136 1037 4201 eonsularis
1059 4136 1283 4203 Oreseentiano
1304 4138 1406 4202 dixit:

361 4239 414 4304 Ex
438 4240 678 4326 quadringentis
702 4241 828 4307 follibus
853 4265 933 4329 quos
960 4246 1084 4311 Lucilla
1107 4246 1248 4324 donavit,
1273 4247 1408 4333 populus

760 4396 775 4424 0
789 4386 843 4449 (Aa
854 4388 945 4437 alena
955 4386 1010 4451 eti)
