3242 5150
343 397 386 464 oe
650 346 1095 468 nnnrouinsaensn.

343 563 549 630 advenientes
577 562 668 626 multi
699 561 748 624 his
777 561 873 626 fidem
902 563 1130 645 imposuerunt,
1161 566 1195 622 ct
1224 556 1399 622 contestari

345 677 432 739 lacta
454 696 516 737 non
548 672 749 750 dubitabant,
772 672 866 735 nimis
893 670 1089 735 admirantes
1115 667 1267 753 compulsi
1290 690 1400 732 sumus

346 785 405 847 has
419 783 545 847 litteras
561 781 713 846 conficere
735 781 776 845 ad
796 788 840 846 te.
886 781 1018 861 Qualem
1037 780 1136 844 etiam
1155 779 1398 842 commotionem

346 902 379 958 at
401 891 568 958 tristitiam
590 892 841 956 communionem
865 893 935 974 (for.
955 891 1173 967 communiter,
1193 890 1311 973 Maffei)
1333 911 1399 952 om-

345 1003 447 1080 nibus,
464 1009 497 1066 et
512 1000 696 1086 singillatim
712 1002 889 1086 unicuique,
906 1002 1044 1086 praebuit
1058 1024 1078 1066 a
1092 1010 1126 1066 te
1140 1001 1228 1065 iacta
1239 1001 1424 1072 ordinatios

344 1113 377 1176 in
392 1107 540 1197 paroeciis
561 1112 603 1176 ad
626 1118 660 1176 tc
682 1110 810 1174 minime
832 1111 1075 1194 pertinentibus,
1099 1132 1155 1174 nac
1177 1111 1282 1174 dicere
1300 1109 1397 1174 etiarn

346 1222 560 1307 praevalemus.
608 1223 716 1286 Pauca
732 1223 803 1302 (for.
822 1221 952 1302 Paucis)
970 1230 1078 1285 tamen
1093 1229 1127 1283 te
1146 1229 1318 1304 arguentes
1335 1240 1398 1283 non

345 1333 546 1398 cessavimus.

392 1442 459 1507 Lar
481 1451 531 1506 est
554 1450 683 1525 potrum
705 1449 738 1506 nt
760 1451 957 1526 propatrum,
975 1462 1070 1524 quam
1092 1463 1150 1504 nec
1172 1439 1239 1525 ipse
1260 1439 1397 1525 ignoras,

346 1553 524 1618 constituta
546 1552 719 1617 secundnm
741 1537 881 1614 divinum
904 1559 937 1615 et
959 1552 1206 1616 ecclesiasticum
1232 1550 1396 1624 ordinem3
1413 1579 1447 1616 ιο

345 1686 419 1727 nam
435 1672 550 1728 cuncta
567 1666 637 1744 (for.
651 1663 788 1746 cunctis)
805 1686 863 1748 pro
879 1663 940 1728 Dei
956 1664 1073 1748 placito
1093 1672 1127 1728 et
1149 1663 1215 1726 zelo
1235 1661 1399 1725 meliorum

345 1774 386 1838 ab
403 1773 479 1857 ipsis
501 1781 550 1837 est
573 1773 782 1836 constitutum
806 1783 840 1836 et
860 1772 968 1848 fixum,
984 1771 1016 1835 in
1037 1771 1148 1836 alienis
1169 1771 1316 1855 paroeciis
1336 1793 1399 1832 non

345 1883 439 1946 licere
454 1881 546 1946 alicui
561 1883 792 1965 episcoporum,
807 1881 1024 1945 ordinationes
1039 1881 1205 1944 celebrare.
1251 1881 1330 1955 Quae
1347 1878 1399 1942 lex

345 1994 424 2057 bene
440 1991 532 2054 nimis
547 2013 663 2076 magna
677 1999 735 2064 est,
747 2000 861 2053 etcum
872 1988 1030 2073 sapientia
1038 1989 1218 2052 adinventa.
1242 1989 1399 2068 Quoniam

345 2101 483 2186 primurn
509 2107 638 2184 oportet
660 2099 932 2162 conversationem
954 2107 989 2163 et
1011 2101 1108 2163 vitam
1130 2121 1250 2175 eorum,
1273 2099 1326 2184 qui
1349 2121 1398 2162 or·
1413 2121 1446 2176 ¹5

346 2211 509 2288 dicentur,
544 2232 615 2275 cum
649 2231 766 2295 magna
801 2211 1046 2293 scrupulositate
1079 2211 1236 2285 scruteri3
1275 2211 1398 2286 deinde,

347 2333 384 2388 nt
415 2323 517 2388 omnis
546 2322 687 2386 confusio
717 2330 751 2385 et
780 2321 979 2385 turbulentia
1006 2321 1192 2398 auferatur3
1229 2322 1283 2386 vix
1315 2323 1399 2386 enirn

347 2434 562 2520 unnsquisque
593 2435 764 2520 paroeciam
794 2455 904 2518 regere
932 2417 1051 2518 poterit
1086 2455 1187 2511 snam,
1216 2444 1250 2500 et
1284 2456 1400 2520 magna

348 2543 559 2609 sollicitudine
589 2543 760 2629 multisque
786 2542 1032 2629 cogitationibus
1060 2545 1222 2610 ministros
1251 2544 1400 2629 reperire,

348 2678 419 2719 curn
447 2655 561 2739 quibus
590 2676 683 2718 omne
709 2660 835 2739 tempus
859 2654 932 2719 vitae
956 2656 1124 2740 transegit,
1146 2663 1179 2720 et
1202 2656 1234 2719 in
1255 2655 1401 2719 manibus
1412 2683 1449 2721 20

346 2767 417 2850 ejus
442 2773 516 2829 sunt
546 2764 682 2829 educati.
730 2763 779 2828 Tu
808 2772 915 2828 autem
947 2765 1024 2828 nihil
1049 2765 1161 2829 horum
1187 2766 1400 2838 considerans,

349 2896 407 2939 nec
429 2873 538 2937 futura
558 2873 787 2958 contemplans,
804 2896 861 2938 nec
882 2876 1049 2940 beatorum
1069 2884 1197 2961 patrum
1219 2885 1401 2941 nostrornm

347 2992 380 3048 et
403 2983 532 3047 Christo
555 2992 774 3069 susceptorum
801 2986 883 3065 (vide
908 2991 1023 3065 notam)
1048 3008 1104 3070 per
1126 2988 1339 3052 successiones
1359 2988 1401 3051 le

348 3114 440 3178 gem;
467 3115 568 3177 neque
590 3093 697 3177 magni
719 3093 860 3180 episcopi
883 3117 921 3159 ac
945 3096 1045 3180 petris
1067 3098 1167 3161 nostri
1191 3098 1281 3162 Petri
1303 3099 1401 3162 hono

348 3223 427 3278 reni,
451 3222 490 3264 ex
514 3222 577 3286 quo
596 3201 701 3265 cuncti
725 3223 782 3286 per
804 3224 904 3287 spem,
922 3225 1017 3288 qnam
1040 3205 1193 3270 hebemus
1214 3208 1246 3270 in
1263 3208 1426 3272 Dominoc
1431 3228 1447 3287 5

349 3311 370 3374 J
372 3334 427 3375 esu
443 3312 581 3387 Christo,
604 3311 796 3397 pendemus3
827 3334 884 3376 nec
905 3314 1022 3378 nostris
1044 3315 1345 3380 incarcerationibus
1367 3330 1401 3383 et

348 3422 623 3506 temptationibus,
639 3432 673 3486 et
693 3421 896 3486 cotidinianis
915 3445 953 3486 cc
974 3424 1191 3509 multiplicatis
1212 3428 1399 3512 opprobriis,

349 3552 407 3593 nec
443 3532 699 3616 oppressionibus
734 3541 767 3597 et
796 3533 953 3618 angustiis
981 3535 1066 3618 apud
1095 3557 1214 3610 omnes,
1243 3537 1401 3619 placatus,

349 3639 456 3703 omnia
481 3641 603 3724 pariter
632 3650 773 3706 evertere
799 3664 896 3707 ansus
918 3665 962 3708 es.
1018 3645 1084 3708 Pro
1108 3647 1223 3729 quibus
1248 3670 1319 3731 qnoe
1341 3651 1400 3715 tibi

349 3748 564 3813 excusationis
578 3750 702 3815 occasio
717 3752 932 3836 relinquetur?
1409 3772 1449 3825 30

394 3858 457 3922 Sed
487 3859 623 3924 forsitan
651 3860 756 3935 dices;
796 3864 963 3948 egentibus
993 3867 1143 3950 gregibus
1172 3892 1210 3932 ac
1240 3870 1399 3947 desolatis,

352 3976 480 4053 pastore
502 3990 565 4031 non
587 3971 790 4047 subsistente,
810 3996 850 4037 ne
873 3976 1043 4039 multorum
1066 3978 1288 4045 incredulitate
1310 3984 1400 4047 multi

353 4076 595 4154 subtrahentur,
616 4078 738 4145 adhoc
757 4084 894 4166 perveni.
937 4086 1002 4150 Sed
1025 4089 1234 4153 certissimum
1257 4100 1318 4169 ost,
1332 4093 1402 4157 illos

353 4210 415 4251 non
438 4208 550 4272 egere:
583 4189 717 4273 primum
737 4194 813 4278 quia
833 4197 923 4260 multi
944 4207 1020 4263 sunt
1039 4200 1269 4267 circumcuntes
1290 4213 1324 4268 et
1345 4228 1402 4287 po·

354 4306 459 4363 tentes
473 4295 602 4361 visitare
616 4326 623 4371 ;
651 4300 764 4365 deinde
778 4310 811 4367 et
828 4306 853 4367 si
869 4307 943 4390 qnid
960 4309 1001 4371 ab
1016 4309 1092 4393 ipsis
1107 4311 1316 4395 negligentius
1330 4336 1401 4399 age-
1411 4332 1452 4391 35,
