3242 5150
355 372 418 439 192
689 372 1068 436 ANNOTATIONES

347 539 486 626 pretidru
501 542 634 616 Latinis,
649 541 732 605 idem
754 542 784 604 in
801 550 926 606 textum
945 543 1058 628 recepi.
1107 543 1153 607 Ut
1168 544 1232 607 duo
1246 543 1291 607 illi
1308 544 1399 607 codd.

353 644 398 706 sie
421 643 564 708 Zonaras
586 645 627 707 ad
651 644 683 707 S.
695 645 848 707 Basilium
868 645 966 709 habet
980 643 1133 725 ἁμαρτάνῃ
1152 666 1210 728 pro
1232 644 1401 730 participio

353 747 538 827 ἁμαρτάνων.
586 746 678 810 Nunc
700 747 762 810 vidi
783 757 895 810 extare
914 747 1082 811 lectionem
1100 755 1243 810 nostram
1266 752 1348 834 φανῇ
1368 746 1401 810 in

355 847 480 930 Lloydii
495 850 599 923 dieto,
615 849 670 911 sed
685 849 796 912 abesse
811 848 896 912 illam
909 872 929 912 a
939 849 1070 912 Pedalie
1080 872 1118 912 ac
1136 851 1249 913 Veneto
1259 850 1399 934 synopsi.

399 949 479 1013 Ibid.
495 948 684 1035 ἁμαρτάνων]
698 948 871 1031 Ἃμάρτημο
886 952 926 1014 de
940 960 1072 1035 peceato
1086 951 1190 1015 earnis
1205 951 1400 1036 intelligitur.

354 1052 473 1116 Nicaen.
488 1051 533 1115 li.
549 1052 613 1114 IX.
630 1054 726 1115 XIV.
755 1053 916 1116 Hannone.
962 1054 1000 1117 ln
1020 1076 1140 1117 canone
1162 1053 1215 1116 illo
1235 1055 1335 1116 XIV.
1354 1055 1402 1120 ita

353 1163 463 1236 patres
486 1154 624 1218 Nieaeni:
658 1156 734 1234 Περὶ
756 1161 815 1217 τῶν
840 1155 1067 1238 κατηχουμένων
1087 1155 1135 1218 καὶ
1156 1159 1399 1237 reponendarum

354 1261 438 1336 ἔδοξε
464 1257 499 1343 τῇ
523 1257 594 1341 ἁγίᾳ
616 1259 666 1321 καὶ
687 1256 805 1342 μεγάλῃ
828 1259 954 1341 συνόδῳ,
981 1259 1059 1320 ὥστε
1085 1264 1173 1338 τριῶν
1198 1261 1272 1322 ἐτῶν
1296 1260 1401 1325 αὐτοὺς

354 1359 556 1439 ἀκροωμένους
576 1361 679 1438 μόνον,
703 1360 777 1438 μετὰ
799 1363 892 1422 τοῦτο
916 1361 1058 1442 εὔχεσθαι
1081 1364 1157 1439 μετὰ
1176 1365 1234 1423 rein
1256 1386 1399 1443 κατηχου-

352 1460 462 1541 μένων.
507 1461 627 1525 Oontra
652 1460 721 1523 illos
742 1467 851 1524 autem
873 1459 1049 1544 disputans,
1071 1461 1126 1544 qui
1148 1482 1220 1524 cum
1241 1461 1401 1525 veteribus

353 1562 532 1627 scholiastis
554 1569 671 1647 putant
686 1563 766 1625 duos
786 1563 914 1625 ordines
932 1562 1028 1626 fuisse
1048 1563 1081 1626 in
1101 1563 1233 1627 ecclesia
1254 1563 1400 1628 catechu-

355 1685 517 1727 manorum
540 1663 718 1727 nominibus
738 1663 914 1738 distinctos,
931 1684 1064 1746 quorum
1083 1663 1137 1726 ulii
1156 1662 1337 1727 dicerentur
1351 1683 1400 1747 ρο-

353 1769 543 1849 eustatmus,
555 1765 608 1830 alii
622 1765 776 1828 audientes
786 1766 851 1828 sive
866 1767 1057 1845 άκροάμενοι,
1067 1773 1237 1849 utrumque
1247 1786 1401 1828 canonem

353 1868 448 1932 aliter
461 1868 608 1952 exposuit
627 1866 809 1931 Salmasius.
840 1875 861 1905 “
872 1868 982 1932 Oanou
1003 1867 1266 1931 Neocaesariensis
1282 1866 1400 1951 (inquit

355 1978 374 2008 ‘⁶
390 1971 455 2052 ille)
472 1991 544 2034 eum
560 1971 612 2055 qui
627 1991 667 2032 ex
682 1970 977 2033 catechumenorum
992 1978 1042 2033 est
1056 1971 1177 2047 ordine,
1186 1979 1220 2035 et
1233 1970 1268 2033 ic
1278 1970 1401 2034 molesia

356 2080 375 2110 “
388 2074 544 2137 mantiam
562 2073 598 2135 de
608 2072 785 2157 periculis?
802 2075 897 2157 [quos
912 2072 1079 2157 distinguit
1097 2073 1140 2137 ab
1158 2072 1218 2136 illis
1240 2072 1295 2157 qui
1314 2073 1400 2136 domi

355 2174 595 2239 instruebantur
626 2195 664 2237 ao
692 2174 859 2237 discebant
887 2196 927 2238 ea
953 2197 1024 2258 quae
1053 2183 1128 2239 sunt
1154 2175 1236 2251 fidei,
1266 2176 1399 2238 necdum

354 2276 474 2361 recepti
500 2276 532 2338 in
562 2275 706 2339 ordinem
737 2276 1035 2340 catechumenorum
1061 2277 1094 2338 in
1120 2276 1251 2341 ecclesia
1276 2273 1399 2361 publice

354 2379 529 2462 orantium]
555 2385 575 2415 “
588 2379 613 2440 ei
637 2386 757 2462 peccet,
780 2379 822 2440 ad
846 2378 1050 2459 ἀκροωμένους
1068 2379 1199 2464 relegat,
1223 2379 1255 2442 id
1277 2386 1336 2454 eet,
1357 2377 1400 2442 ad

354 2489 375 2519 ‘⁶
391 2481 560 2544 secundum
581 2480 723 2544 ordinem
746 2480 981 2564 poenitentium,
998 2481 1051 2564 qui
1067 2488 1190 2544 stantes
1208 2481 1400 2565 scripturam

354 2592 374 2622 “
391 2606 514 2647 sacram
533 2583 715 2648 audiebant.
762 2586 836 2647 Hoc
851 2593 900 2648 est
920 2585 1005 2669 quod
1024 2585 1102 2649 dicit
1116 2606 1227 2659 canon,
1243 2587 1317 2665 γόνυ
1335 2586 1398 2647 κλί-

354 2695 375 2725 “
391 2712 461 2764 νων,
484 2687 651 2767 ἀκροάσθω,
667 2686 700 2749 id
722 2694 782 2762 est,
804 2709 875 2750 cum
898 2688 938 2749 de
959 2686 1110 2771 geniculis
1129 2695 1245 2761 oraret,
1270 2687 1400 2750 verbum

353 2798 374 2827 “
391 2796 481 2851 stans
501 2788 621 2863 audiat,
638 2798 671 2852 et
695 2811 752 2872 pro
773 2788 1000 2852 catechumeno
1015 2788 1073 2852 fiat
1093 2789 1251 2873 poenitens
1271 2787 1400 2851 secundi

352 2896 374 2926 “
389 2889 517 2973 gradus.
563 2890 646 2953 Nam
669 2891 779 2954 statim
801 2890 921 2973 adjicit,
944 2892 999 2953 ἐὰν
1020 2893 1052 2953 δὲ
1076 2891 1124 2953 καὶ
1145 2892 1330 2970 ἀκροώμενον
1356 2890 1400 2952 ἔτι

354 2998 374 3025 “
389 2991 551 3071 ἁμαρτάνῃ,
568 2994 743 3069 ἐξωθείσθω.
789 2992 828 3055 Si
842 2993 968 3055 audem
981 2992 1081 3055 adduc
1089 2980 1215 3076 peccare
1222 3000 1400 3077 perseveret,

352 3090 423 3155 “id
446 3100 504 3167 eet,
527 3092 560 3155 in
581 3092 778 3157 audientium
800 3093 1023 3178 poenitentium
1045 3094 1155 3157 ordine
1176 3102 1275 3169 stans,
1299 3091 1338 3157 ad
1356 3114 1399 3156 eo»

354 3200 373 3230 “
388 3194 478 3257 oleam
492 3195 660 3277 ejiciatur?
706 3196 787 3258 Haee
803 3196 850 3257 vir
867 3218 1009 3279 magnus,
1025 3196 1084 3258 sub
1103 3196 1229 3259 nomine
1245 3194 1400 3281 Simplicii

360 3296 462 3359 Varini
482 3296 594 3372 latens,
618 3296 649 3359 in
673 3298 828 3361 Tractatu
851 3298 1004 3360 Adversus
1028 3298 1130 3361 Gmtii
1152 3296 1280 3360 Librum
1296 3308 1400 3382 poetie-

352 3404 684 3485 coemptio-119.
732 3401 839 3486 Magis
858 3402 901 3464 ad
921 3401 1062 3465 litteram
1077 3422 1178 3463 canon
1198 3400 1245 3462 ita
1264 3420 1400 3483 expone-
1526 3440 1530 3445 -

352 3512 460 3577 retur;
487 3503 521 3567 Si
536 3504 790 3580 catechumenus,
804 3504 902 3588 quiin
917 3503 1049 3567 ecclesia
1062 3503 1146 3565 inter
1157 3501 1400 3565 catechumenos

353 3605 490 3678 steterit,
505 3628 635 3689 peccare
650 3607 865 3690 deprehensus
880 3605 985 3679 inerit,
995 3604 1128 3688 genibus
1142 3602 1232 3666 flexis
1245 3602 1330 3665 inter
1344 3623 1400 3665 au·

353 3706 476 3772 dientes
503 3717 654 3783 versetur,
683 3732 744 3772 non
773 3730 907 3793 peccans
933 3707 1083 3778 ulterius;
1120 3706 1169 3768 ein
1192 3704 1290 3768 etiam
1315 3704 1400 3767 inter

351 3810 518 3874 audientes
534 3820 686 3887 versatus,
702 3812 805 3875 adhuc
822 3832 951 3895 peccare
971 3806 1227 3894 perseveraverit,
1243 3804 1398 3889 ejiciatur.

353 3912 498 3996 Denique
513 3914 553 3975 de
568 3913 627 3975 illi·
642 3913 695 3996 qui
711 3922 786 3977 ante
801 3913 995 3996 baptismum
1010 3909 1236 3993 peccavissent,
1250 3906 1304 3969 adi
1319 3905 1399 3969 Gon-

351 4035 459 4075 crurum
489 4014 705 4089 Ammineo,
737 4015 791 4077 ubi
822 4014 861 4076 ad
891 4016 970 4076 Can.
995 4012 1085 4073 XII·
1117 4010 1185 4093 agit
1218 4010 1258 4071 de
1287 4008 1399 4070 iisdem

352 4116 515 4186 Zonaras;
540 4114 567 4178 is
586 4136 671 4190 vero,
686 4123 723 4178 ut
737 4115 842 4179 obiter
863 4115 923 4177 hoc
946 4130 1065 4188 notem,
1080 4112 1114 4175 in
1135 4108 1399 4194 interpretatione

351 4214 410 4280 sua
442 4217 570 4279 canonis
593 4239 648 4280 xx.
681 4217 713 4280 S.
735 4216 854 4293 Basilii,
885 4217 943 4279 dat
967 4236 1108 4299 operam,
1139 4220 1177 4276 ut
1205 4218 1400 4274 asserentem

352 4326 477 4403 patrem
499 4318 586 4382 illum
606 4317 637 4380 in
654 4317 808 4402 judicium
828 4339 890 4380 non
910 4316 1014 4380 vocari
1032 4314 1183 4400 pristinos
1201 4311 1400 4377 catechume-
