3242 5150
404 403 653 468 APOLOGIA
676 405 768 467 PRO
792 403 1019 468 ORlGENE.
1170 401 1236 468 367

232 570 425 635 Panaenus.
451 574 534 638 Haee
549 580 599 638 est
613 574 653 639 de
668 573 797 638 summis
815 573 920 649 rebus,
936 571 969 636 id
985 581 1043 644 est,
1060 572 1100 636 de
1123 577 1236 636 saneta

190 679 525 767 Trinitate,01igenis
544 682 635 761 fides,
655 705 752 769 quam
770 704 811 748 ex
831 681 1026 768 paucissimis
1046 678 1236 746 testimoniis

188 789 229 852 de
258 789 497 873 quampluribus
525 792 594 876 ejus
622 792 832 857 voluminibus
860 791 1010 856 assumtis
1042 789 1236 854 edocuimus.

190 898 235 962 Et
250 898 325 982 quid
340 905 409 962 tam
423 909 554 976 rectum,
568 900 644 985 qnid
657 907 724 966 tam
736 920 856 977 verum,
868 899 944 986 quid
955 905 1024 964 tam
1035 897 1236 975 catholicum,

190 1006 266 1091 quid
281 1014 368 1071 certe
382 1008 424 1071 ad
439 1007 679 1072 instructionem
694 1009 835 1073 omnium
849 1008 950 1092 magis
964 1007 1062 1083 utile3
1084 1006 1132 1070 vel
1151 1007 1238 1091 apud

189 1116 269 1180 istos
291 1123 378 1181 certe
403 1116 488 1201 ipsos
510 1118 563 1201 qui
588 1117 715 1183 inimica
737 1118 889 1182 adversus
914 1139 986 1182 eum
1009 1123 1115 1182 mente
1140 1118 1238 1180 desm-

189 1225 289 1303 viunt,
316 1225 391 1308 quid
414 1233 482 1290 tam
507 1227 800 1311 irreprehensibile?
833 1227 879 1292 Et
906 1228 1033 1313 quidem
1058 1227 1092 1292 in
1115 1248 1239 1291 summa

189 1336 259 1400 baec
280 1335 422 1420 posuisse
443 1337 483 1400 de
503 1336 576 1400 fidei
598 1337 667 1422 ejus
687 1339 877 1402 documento
892 1358 930 1402 ac
950 1336 1138 1421 probatione
1155 1336 1239 1400 suffi-

190 1451 289 1519 ceret,
305 1444 365 1507 nisi
388 1445 487 1508 etiam
508 1445 551 1510 ad
572 1444 695 1530 reliqna
717 1446 766 1509 bis
787 1446 841 1532 qui
863 1467 936 1510 enm
958 1445 1175 1523 criminantur,
1190 1465 1239 1508 re·

191 1554 347 1637 spondere
370 1553 580 1617 necessarium
605 1554 775 1619 videretur.
821 1554 1010 1619 Intneamur
1034 1561 1143 1620 tamen
1168 1577 1240 1639 quae

192 1662 256 1726 sint
271 1663 342 1726 ietae
357 1662 434 1747 ipsae
449 1662 684 1728 criminationes
698 1686 768 1748 quae
783 1687 804 1729 a
818 1664 979 1728 malevolis
993 1665 1210 1729 intenduntur.

237 1773 345 1836 Prima
364 1773 419 1836 illa
436 1778 495 1850 est,
517 1773 601 1857 qnod
623 1773 715 1838 aiunt
737 1794 809 1838 eam
830 1773 976 1838 innatum
998 1774 1102 1838 dicere
1123 1773 1241 1838 Filium

192 1885 265 1948 Dei.

237 1994 392 2070 Secunda,
408 1992 494 2078 qnod
514 1991 653 2056 *dicunt
672 2014 731 2077 per
749 1993 971 2076 prolationem,
987 1993 1160 2058 seeundum
1180 1993 1241 2057 Va-

191 2106 302 2172 lentini
316 2103 449 2179 fabulas,
465 2101 498 2165 in
513 2101 753 2166 subsistentiam
766 2103 889 2168 venisse
905 2103 1022 2167 Filium
1038 2101 1099 2167 Dei
1115 2101 1231 2166 dicere.

236 2216 355 2293 Tertia,
379 2236 450 2303 quae
472 2212 522 2277 his
544 2213 691 2278 omnibus
713 2214 805 2279 valde
825 2214 987 2280 contraria
1007 2221 1066 2293 est,
1090 2214 1176 2298 quod
1196 2210 1243 2276 di-

192 2334 269 2391 cunt
290 2348 372 2403 eum,
388 2327 559 2390 secundnm
575 2326 744 2392 Artemam
765 2328 814 2393 vel
832 2329 965 2393 Paulum
988 2327 1240 2403 Samosatenum,

192 2459 307 2523 purum
321 2436 493 2515 hominem,
508 2437 541 2500 id
561 2443 621 2515 est,
637 2458 701 2500 non
720 2436 820 2501 etiam
839 2437 944 2502 Deum
959 2437 1064 2501 dicere
1079 2437 1242 2502 Christum

194 2547 311 2610 Filium
326 2544 400 2610 Dei.

236 2679 267 2739 4.
284 2659 377 2731 Post,
398 2656 462 2720 ista
483 2664 542 2732 est,
567 2677 637 2740 quae
659 2655 730 2720 istis
752 2656 898 2720 omnibus
921 2656 1119 2731 adversatur,
1144 2659 1243 2741 (oaeca

194 2766 277 2830 enim
293 2772 342 2829 est
364 2765 501 2845 malitia)
518 2765 602 2849 quod
625 2764 736 2828 dicunt
757 2786 831 2829 enm
849 2764 965 2843 dicere,
980 2765 1110 2845 δοκήσει,
1126 2764 1160 2828 id
1181 2771 1241 2838 est,

193 2875 337 2961 putative
360 2883 498 2951 tantum,
514 2881 548 2939 et
568 2896 627 2959 per
647 2874 842 2958 allegoriam,
863 2896 928 2939 non
950 2874 1047 2939 etiam
1070 2875 1243 2938 secundum

194 3008 232 3049 ea
249 3007 318 3070 quae
341 3007 398 3070 per
419 2984 585 3049 historiam
604 2983 796 3061 referuntur,
809 2991 903 3069 gesta
921 3006 990 3048 esse
1012 2984 1117 3049 omnia
1132 3004 1202 3069 quae
1223 3004 1244 3049 a

195 3097 360 3161 Salvatore
373 3102 464 3181 gesta
478 3102 565 3159 sunt.

237 3227 268 3292 5.
286 3206 363 3271 Alia
384 3228 511 3291 qnoque
532 3205 712 3270 criminatio
734 3212 794 3282 est,
816 3227 880 3291 qua
900 3210 1047 3270 asserunt
1069 3225 1142 3268 eum
1164 3205 1244 3268 duos

194 3318 339 3384 Christos
353 3317 537 3400 praedicare.

238 3431 268 3491 6.
287 3428 422 3491 Addunt
437 3425 514 3489 illud
537 3447 661 3510 quoque
684 3425 769 3510 quod
791 3423 941 3488 historias
963 3418 1154 3507 corporales,
1173 3444 1244 3507 quae

194 3557 393 3621 peromnem
405 3542 550 3598 sanctam
565 3533 764 3618 Scripturam
781 3533 964 3597 referuntur
978 3532 1017 3596 de
1031 3532 1131 3617 gestis
1147 3534 1244 3595 Sanc·

195 3657 310 3724 torum,
326 3647 453 3731 penitus
469 3648 614 3730 deneget.
1082 3724 1084 3729 .

240 3776 270 3841 7.
289 3758 352 3821 Sed
374 3764 408 3821 et
429 3759 470 3821 de
491 3755 721 3820 resurrectione
741 3761 949 3831 mortuorum,
966 3760 999 3818 et
1014 3754 1054 3817 de
1075 3753 1244 3838 impiorum

194 3869 297 3953 poenis
311 3890 374 3931 non
396 3868 456 3932 levi
478 3867 669 3952 impugnant
688 3886 761 3929 eum
783 3863 949 3941 calumnia,
972 3862 1057 3928 velut
1074 3871 1244 3948 negantem

193 3978 413 4062 peccatoribus
427 3977 592 4041 inferenda
606 3998 675 4041 esse
690 3976 854 4061 supplicia.

239 4088 268 4150 8.
285 4087 422 4164 Quidam
437 4109 512 4151 vero
527 4086 761 4171 disputationes
775 4084 843 4170 ejus
858 4086 906 4150 vel
922 4085 1093 4170 opiniones,
1111 4104 1190 4168 quas
1205 4082 1245 4146 de

194 4195 309 4260 animae
324 4204 414 4259 statu
428 4196 478 4260 vel
493 4195 727 4281 dispensatione
741 4194 902 4272 disseruit,
918 4194 1059 4279 culpant.

580 4339 594 4367 ⁴
607 4337 665 4401 (cor.
677 4338 762 4387 dicunt
773 4353 829 4387 eum
841 4336 895 4400 per)
