3242 5150
542 427 595 491 IN
620 429 652 491 S.
674 425 914 490 PHILEAM.
1190 429 1253 532 10⁹(

197 597 365 674 μείναντας,
381 599 454 677 μηδὲ
469 597 721 680 ἀγωνισαμένους,
735 597 776 676 μῆ
790 601 855 662 δεῖν
866 595 1022 675 ἀξιοῦσθαι
1030 598 1072 662 είς
1081 596 1251 675 μετάνοιαν,

197 693 248 761 ίνα
275 699 316 778 μὴ
345 699 393 762 καὶ
421 700 451 762 οί
475 700 520 761 ἐτι
541 696 785 780 περιλειφθέντες
812 698 939 762 ἔλαττον
965 699 1180 778 φροντίσαντες
1201 701 1253 776 τῆς

199 799 352 877 ἐπιτιμίας,
365 801 413 862 διά
427 799 481 876 τήν
496 800 633 877 τοιαύτην
644 803 753 862 θᾶττον
761 797 928 880 γενομένην
939 798 1039 864 αὐτοῖς
1049 799 1251 880 συγχώρησιν,

197 901 374 980 ἐκτραπόσι,
385 900 435 964 καί
450 902 491 966 είς
500 898 740 982 ἐπαρνησιθείαν,
751 901 800 963 καὶ
810 900 1038 980 ἀθεμιτσυργίαν
1045 897 1253 979 Ἑλληνισμοῦ

198 1001 320 1064 έλθωσι.
333 1003 381 1066 καὶ
389 1002 427 1080 ῆν
436 1001 566 1081 εὔλογον
574 1001 608 1064 τδ
618 1000 685 1080 παρ’
696 1002 792 1065 αὐτῶν
802 1005 863 1064 τῶν
870 1003 1064 1080 δμολογητθν
1071 1002 1251 1081 λεγόμενον.

196 1099 276 1178 ῆσαν
289 1102 324 1163 δέ
338 1103 368 1164 οί
384 1105 467 1164 τοῦτο
476 1101 629 1182 λέγοντες,
640 1100 801 1181 Μελήτιος,
815 1104 863 1167 καί
873 1102 1002 1180 Πηλεὺς,
1016 1103 1067 1166 καί
1073 1126 1152 1170 τινες
1160 1105 1253 1168 ἀλλοι

196 1203 318 1270 πλείους
332 1208 392 1266 τίον
401 1205 567 1285 μαρτύρων,
577 1205 625 1268 καὶ
638 1207 831 1286 ὀμολογητῶν
842 1202 904 1283 ἅμα
915 1205 1024 1272 αὐτοῖς.
1048 1205 1141 1283 ζῆλον
1151 1209 1253 1271 τοίνυν

196 1305 251 1368 τδν
263 1307 339 1385 ὑπέρ
354 1309 437 1371 Θεοῦ
451 1305 693 1387 ἀναδεδειγμίνοι
708 1311 800 1385 δῆλον
813 1308 860 1370 δτι
875 1311 1012 1389 ἔπασχον
1027 1307 1099 1388 (for.
1112 1309 1251 1386 δηλονότι

196 1405 340 1488 ύπήρξαν)
357 1412 449 1472 ταῦτα
462 1407 613 1489 λέγοντες.
661 1409 797 1490 έφασκου
818 1410 860 1481 δέ,
882 1411 909 1472 εἰ
928 1409 986 1488 ἀρα
1002 1409 1075 1488 (for.
1095 1413 1158 1472 δεῖν
1176 1411 1250 1490 δρα)

196 1513 271 1588 μετὰ
285 1509 320 1573 τδ
339 1511 512 1573 παύσασθαι
534 1511 587 1574 τὸν
609 1510 738 1592 διωγμδν
760 1513 836 1590 μετὰ
857 1511 970 1593 χρόνον
992 1511 1094 1574 ίιιανδυ
1115 1513 1252 1576 δίδοσθαι

197 1615 259 1677 τοῖς
277 1611 500 1693 προειρημένοις
520 1611 683 1690 μετάνοιαν
705 1615 739 1676 ἐν
762 1617 851 1698 καιρῷ
870 1610 1033 1693 γενομένης
1050 1611 1176 1693 είρήνης,
1196 1616 1251 1676 ἐὰν

197 1710 243 1775 ἀπ’
273 1714 414 1792 ἀληθείας
442 1713 659 1794 μετανοήσωσι,
690 1715 739 1778 καί
764 1713 878 1794 καρπὸν
900 1717 952 1791 τῆς
973 1715 1132 1793 μετανοίας
1154 1715 1250 1778 αὐτῶν

198 1812 409 1892 ἐπιδείξωνται,
432 1817 467 1880 οὗ
488 1816 547 1896 μῆν
570 1818 620 1880 ἵνα
642 1817 766 1883 ἕκαστος
788 1819 910 1894 δεξιωθῆ
933 1816 1028 1900 ἐντῷ
1050 1817 1113 1899 ίδίφ
1139 1815 1248 1900 κλήριρ,

197 1915 280 1978 ἀλλά
293 1920 368 1994 μετὰ
382 1919 493 2000 χρόνον
507 1917 654 1997 διάστημα
668 1917 855 1998 πνίγεσθαι
869 1919 903 1980 έν
917 1919 953 1996 τῆ
972 1917 1125 2000 ἐκκλησίη,
1147 1919 1196 1981 καί
1216 1920 1250 1981 έν

196 2019 232 2095 τῆ
248 2018 394 2102 κοινωνίη,
410 2021 446 2082 ἐν
458 2023 499 2104 τῷ
513 2019 650 2100 τάγμοτι,
667 2020 714 2084 καί
729 2019 782 2082 οὐκ
805 2021 840 2082 ἐν
858 2017 985 2098 κλήροις.
1031 2019 1079 2082 καὶ
1100 2019 1138 2097 ῆυ
1159 2018 1249 2101 φιλάι

196 2122 287 2197 ληθες
301 2118 349 2182 καί
363 2119 454 2197 ζήλου
467 2125 578 2201 πλῆρες
590 2125 688 2185 τοῦτο.

240 2219 279 2284 ‘O
295 2223 327 2285 δέ
342 2223 504 2302 ἀγιότατος
519 2223 634 2305 Πέτρος
649 2225 860 2306 εύσαλαγχνος
874 2219 928 2296 δν,
943 2224 992 2286 καὶ
1007 2220 1047 2290 ὣς
1060 2221 1157 2304 πατὴρ
1175 2224 1250 2288 τόν·

196 2347 256 2387 των
278 2323 429 2406 ύπάρχων,
454 2323 554 2388 ἐδέετο
577 2327 626 2389 καὶ
648 2325 817 2389 καθικέτευε
838 2324 948 2407 λέγων,
971 2325 1123 2404 δεξόμεθα
1144 2323 1250 2394 αὐτους

195 2431 422 2504 μετανοοῦντας,
440 2428 488 2490 καὶ
507 2424 643 2506 τάξωμεν
662 2427 762 2494 αὐτοῖς
782 2426 945 2506 μετάνοιαν
968 2429 1011 2492 είς
1030 2425 1064 2488 τδ
1078 2426 1248 2506 παρακαθέ·

195 2533 298 2603 (εσθαι
320 2529 355 2607 τῆ
381 2530 533 2614 ἐκκλησία,
560 2529 609 2594 καὶ
630 2530 670 2610 μη
695 2528 937 2612 ἀποστρέψωμεν
960 2527 1075 2602 αὐτοὺς,
1099 2527 1173 2608 μήτε
1195 2530 1249 2593 τὸν

196 2636 315 2713 κλῆρον,
332 2634 401 2699 δςό
417 2634 460 2699 είς
474 2633 549 2712 ἡμᾶς
570 2634 668 2697 ἐλθὼν
685 2634 779 2715 λόγος
798 2631 942 2714 περιέχει,
957 2630 998 2710 μή
1015 2656 1088 2694 ποτε
1111 2634 1153 2698 είς
1176 2636 1247 2712 (for.

199 2732 250 2815 δι’)
268 2736 424 2817 αἰσχύνην,
441 2736 489 2799 καὶ
504 2738 553 2798 διδ
566 2733 720 2816 παρολκῆν
734 2740 789 2797 τοῦ
801 2736 913 2815 χρόνου
931 2734 960 2797 οἱ
980 2729 1060 2810 ἀπαξ
1078 2734 1136 2797 ύπδ
1157 2735 1246 2798 ἀναν-

195 2838 293 2917 δρείας
308 2838 356 2901 καὶ
374 2838 534 2903 ἀσθενείας
555 2837 613 2901 ύπδ
636 2838 782 2917 διαβόλου
802 2835 1024 2901 έπισεισθέντες
1044 2835 1092 2898 καὶ
1111 2859 1249 2914 παρασα-

196 2940 353 3018 λευόμενοι
371 2940 494 3005 τελείως
514 2941 691 3020 έκτραπῶσι,
709 2940 757 3003 καί
777 2938 818 3017 μὴ
840 2940 974 3011 ίοθῶσιν,
991 2939 1031 3004 ὣς
1051 2940 1124 3001 κατά
1144 2937 1180 3001 τδ
1197 2964 1247 3019 γε·

193 3038 375 3121 γρομμένου,
390 3040 430 3119 μὴ
446 3042 625 3121 ἐκτραπῆναι
639 3040 673 3104 τὸ
689 3041 801 3123 χωλδν,
819 3044 938 3118 ἰαθῆναι
951 3042 984 3103 δέ
998 3045 1128 3119 μᾶλλον.
1152 3039 1247 3117 καλήν

197 3142 254 3219 μὲν
267 3146 320 3203 τοῦ
336 3140 453 3221 Πέτρου
468 3144 485 3205 δ
500 3142 594 3223 λόγος
607 3143 682 3223 ὑπὲρ
697 3141 801 3207 ἐλέους
817 3143 865 3205 καὶ
879 3142 1116 3222 φιλανθρωπίας,
1133 3141 1248 3204 καὶτοῦ

196 3242 360 3320 Μελησίου,
376 3242 425 3305 καί
439 3248 498 3306 τῶν
512 3239 575 3322 όμα
590 3243 677 3327 αύτῷ,
689 3244 763 3325 ὑπὲρ
778 3244 918 3321 ἀληθείας
931 3242 980 3305 καὶ
991 3240 1089 3319 ζήλου.
1108 3242 1248 3304 ἐντεῦθεν

198 3343 247 3403 διδ
260 3346 313 3404 τοῦ
329 3342 490 3423 προσώπου
504 3344 556 3419 τῆς
570 3341 629 3405 ἀπὸ
650 3342 827 3423 ἀμφοτέρων
847 3342 991 3417 δοκούσης
1011 3340 1156 3417 εὐσεβοῦς
1173 3339 1246 3401 ὑπο-

197 3440 310 3509 θέσεως
324 3443 358 3505 τδ
374 3443 492 3525 σχίσμα
502 3441 672 3524 γεγένηται,
686 3448 745 3507 τῶν
759 3445 816 3523 μὲν
830 3447 918 3505 τοῦτο
933 3443 1124 3522 φασκόντων,
1140 3443 1198 3502 τῶν
1215 3441 1247 3502 δέ

197 3548 293 3607 τούτο.
316 3544 367 3607 ὅτε
380 3546 438 3624 γάρ
459 3543 540 3608 οἶδεν
561 3546 578 3607 δ
598 3546 831 3627 ἀρχιεπίσκοπος
850 3544 975 3625 Πέτρος,
994 3543 1041 3605 ότι
1057 3540 1248 3618 ἀντέστησαν

197 3646 346 3733 τῆβουλῆ
360 3650 411 3724 τῆς
425 3646 515 3709 αὐτοῦ
533 3648 759 3727 φιλανθρωπίας
778 3649 807 3709 σί
827 3646 895 3726 περὶ
914 3645 966 3707 τδυ
987 3641 1151 3721 Μιλήσιον,
1169 3640 1247 3726 ζήλῳ

198 3750 285 3833 θεῖκφ
308 3745 527 3828 περισσοτέρως
548 3750 720 3830 φερόμενοι,
744 3746 958 3825 καταπέτασμα
980 3744 1104 3810 αύτδςδ
1131 3740 1248 3823 Πέτρος

197 3851 322 3930 ἐποίησε
335 3849 428 3929 μέσον
443 3854 494 3928 τῆς
514 3855 659 3931 φυλακῆς,
682 3848 798 3929 ἱμάτιον
817 3848 991 3925 ἐκπετάσας,
1007 3845 1143 3909 τουτέστι
1160 3847 1249 3909 λωδί-

198 3977 272 4029 κιον,
289 3951 339 4017 εἴτ’
355 3954 409 4017 οὖν
423 3954 566 4026 παλλίον,
583 3953 632 4016 καί
648 3953 771 4033 κηρύξας
784 3951 922 4014 διακόνου
934 3956 1004 4031 (for.
1016 3950 1066 4010 διδ
1076 3950 1102 4009 δ.
1115 3951 1245 4027 Petam),

197 4054 243 4118 ὅτι
255 4056 288 4119 οί
305 4053 384 4121 τινές
406 4056 466 4119 είσι
489 4059 537 4133 τῆς
557 4056 628 4134 ἐμῆς
648 4053 773 4134 γνόμης,
789 4050 1024 4132 παρελθέτωσαν
1040 4049 1113 4129 πρός
1125 4068 1172 4126 με·
1198 4048 1247 4108 καὶ

197 4158 228 4220 οί
240 4181 320 4223 τινες
333 4160 384 4235 τῆς
403 4159 556 4236 Μελησίου
574 4156 692 4238 γνόμης
711 4153 903 4237 τυγχάυουσι,
918 4150 992 4231 πρὸς
1007 4148 1171 4227 Μελήτιον.
1198 4148 1247 4209 καὶ

197 4259 315 4340 διῃρέθη
336 4258 371 4321 τὸ
384 4260 441 4338 μὲν
454 4262 569 4337 πλῆθος
590 4258 652 4337 ἅμα
673 4258 824 4340 Μελητίιρ,
841 4254 1013 4318 ἐπισκόπων
1029 4276 1073 4327 τε,
1090 4250 1137 4313 καί
1154 4273 1246 4326 μονα-

196 4367 268 4445 χῦν,
286 4362 335 4425 καί
348 4360 570 4443 πρεσβυτέρων,
587 4362 635 4425 καὶ
654 4360 758 4425 ἀλλων
777 4356 946 4438 ταγμάτων.
968 4355 1069 4433 ὀλίγοι
1089 4353 1122 4413 δέ
1136 4373 1244 4413 παντε-

711 4480 761 4522 1³2
