<?xml version="1.0" encoding="UTF-8"?>
<!DOCTYPE html PUBLIC "-//W3C//DTD XHTML 1.0 Transitional//EN"
    "http://www.w3.org/TR/xhtml1/DTD/xhtml1-transitional.dtd">
<html xmlns="http://www.w3.org/1999/xhtml" xml:lang="en" lang="en">
 <head>
  <title>
</title>
<meta http-equiv="Content-Type" content="text/html;charset=utf-8" />
  <meta name='ocr-system' content='tesseract 3.04.00' />
  <meta name='ocr-capabilities' content='ocr_page ocr_carea ocr_par ocr_line ocrx_word'/>
</head>
<body>
  <div class='ocr_page' id='page_1' title='image "./reliquiaesacrae12routgoog_0418.png"; bbox 0 0 3242 5150; ppageno 0'>
   <div class='ocr_carea' id='block_1_1' title="bbox 375 312 1129 392">
    <p class='ocr_par' dir='ltr' id='par_1_1' title="bbox 375 312 1129 392">
     <span class='ocr_line' id='line_1_1' title="bbox 375 312 1129 392; baseline -0.011 -9"><span class='ocrx_word' id='word_1_1' title='bbox 375 317 440 383; x_wconf 80' lang='lat'><strong>408</strong></span> <span class='ocrx_word' id='word_1_2' title='bbox 671 312 923 392; x_wconf 78' lang='lat' dir='ltr'>RELIQUIAE</span> <span class='ocrx_word' id='word_1_3' title='bbox 950 312 1129 378; x_wconf 80' lang='lat' dir='ltr'><strong>SACRAE.</strong></span> 
     </span>
    </p>
   </div>
   <div class='ocr_carea' id='block_1_2' title="bbox 372 481 1470 2336">
    <p class='ocr_par' dir='ltr' id='par_1_2' title="bbox 372 481 1470 2336">
     <span class='ocr_line' id='line_1_2' title="bbox 375 481 1430 589; baseline -0.004 -23"><span class='ocrx_word' id='word_1_4' title='bbox 375 489 434 566; x_wconf 85' lang='grc' dir='ltr'><strong>καὶ</strong></span> <span class='ocrx_word' id='word_1_5' title='bbox 460 488 605 586; x_wconf 79' lang='grc' dir='ltr'>ἔγκατα,</span> <span class='ocrx_word' id='word_1_6' title='bbox 621 487 679 565; x_wconf 84' lang='grc' dir='ltr'><strong>καὶ</strong></span> <span class='ocrx_word' id='word_1_7' title='bbox 706 484 932 589; x_wconf 78' lang='grc' dir='ltr'>αἰσθητήρια,</span> <span class='ocrx_word' id='word_1_8' title='bbox 960 483 1007 563; x_wconf 78' lang='grc' dir='ltr'>τὰ</span> <span class='ocrx_word' id='word_1_9' title='bbox 1033 483 1100 582; x_wconf 73' lang='grc' dir='ltr'><strong>μὲν</strong></span> <span class='ocrx_word' id='word_1_10' title='bbox 1127 484 1283 580; x_wconf 80' lang='grc' dir='ltr'>ἔνδοθεν,</span> <span class='ocrx_word' id='word_1_11' title='bbox 1314 481 1362 562; x_wconf 80' lang='grc' dir='ltr'>τὰ</span> <span class='ocrx_word' id='word_1_12' title='bbox 1389 483 1430 563; x_wconf 78' lang='grc' dir='ltr'><strong>δὲ</strong></span> 
     </span>
     <span class='ocr_line' id='line_1_3' title="bbox 373 615 1429 727; baseline -0.004 -27"><span class='ocrx_word' id='word_1_13' title='bbox 373 619 526 722; x_wconf 77' lang='grc' dir='ltr'>θύραθεν</span> <span class='ocrx_word' id='word_1_14' title='bbox 550 618 748 727; x_wconf 79' lang='grc' dir='ltr'>ἐφήρμοσε,</span> <span class='ocrx_word' id='word_1_15' title='bbox 768 625 813 701; x_wconf 92' lang='grc' dir='ltr'>δι’</span> <span class='ocrx_word' id='word_1_16' title='bbox 833 616 884 698; x_wconf 77' lang='grc' dir='ltr'><strong>ὧν</strong></span> <span class='ocrx_word' id='word_1_17' title='bbox 908 617 1129 722; x_wconf 79' lang='grc' dir='ltr'>ἐζωογονῆθη</span> <span class='ocrx_word' id='word_1_18' title='bbox 1147 616 1190 697; x_wconf 80' lang='grc' dir='ltr'>τό</span> <span class='ocrx_word' id='word_1_19' title='bbox 1212 625 1348 718; x_wconf 76' lang='grc' dir='ltr'>σῶμας</span> <span class='ocrx_word' id='word_1_20' title='bbox 1377 615 1429 696; x_wconf 79' lang='grc' dir='ltr'><strong>ὧν</strong></span> 
     </span>
     <span class='ocr_line' id='line_1_4' title="bbox 374 749 1429 858; baseline 0 -26"><span class='ocrx_word' id='word_1_21' title='bbox 374 753 475 834; x_wconf 74' lang='grc' dir='ltr'>οὐδὲν</span> <span class='ocrx_word' id='word_1_22' title='bbox 502 752 628 858; x_wconf 81' lang='grc' dir='ltr'>ἀργόν,</span> <span class='ocrx_word' id='word_1_23' title='bbox 649 751 729 834; x_wconf 74' lang='grc' dir='ltr'>οὐδὲ</span> <span class='ocrx_word' id='word_1_24' title='bbox 756 757 898 858; x_wconf 83' lang='grc' dir='ltr'>ἀχρεῖον</span> <span class='ocrx_word' id='word_1_25' title='bbox 922 749 1139 855; x_wconf 75' lang='grc' dir='ltr'>προσετέθη·</span> <span class='ocrx_word' id='word_1_26' title='bbox 1168 755 1243 833; x_wconf 81' lang='grc' dir='ltr'>ἐπεὶ</span> <span class='ocrx_word' id='word_1_27' title='bbox 1264 751 1356 853; x_wconf 77' lang='grc' dir='ltr'>μηδὲ</span> <span class='ocrx_word' id='word_1_28' title='bbox 1381 751 1429 832; x_wconf 82' lang='grc' dir='ltr'>τὰ</span> 
     </span>
     <span class='ocr_line' id='line_1_5' title="bbox 373 886 1428 996; baseline -0.003 -27"><span class='ocrx_word' id='word_1_29' title='bbox 373 888 597 996; x_wconf 88' lang='grc' dir='ltr'>φαυλότατα,</span> <span class='ocrx_word' id='word_1_30' title='bbox 614 888 703 988; x_wconf 87' lang='grc' dir='ltr'>μήτε</span> <span class='ocrx_word' id='word_1_31' title='bbox 732 890 861 993; x_wconf 88' lang='grc' dir='ltr'>τρίχες,</span> <span class='ocrx_word' id='word_1_32' title='bbox 882 887 973 988; x_wconf 80' lang='grc' dir='ltr'>μήτε</span> <span class='ocrx_word' id='word_1_33' title='bbox 994 888 1131 992; x_wconf 77' lang='grc' dir='ltr'>ὄνυχες·</span> <span class='ocrx_word' id='word_1_34' title='bbox 1158 887 1278 968; x_wconf 85' lang='grc' dir='ltr'>πάντα</span> <span class='ocrx_word' id='word_1_35' title='bbox 1303 886 1353 986; x_wconf 74' lang='grc' dir='ltr'>δὲ,</span> <span class='ocrx_word' id='word_1_36' title='bbox 1380 887 1428 966; x_wconf 84' lang='grc' dir='ltr'>τὰ</span> 
     </span>
     <span class='ocr_line' id='line_1_6' title="bbox 372 1021 1451 1128; baseline 0 -24"><span class='ocrx_word' id='word_1_37' title='bbox 372 1024 448 1122; x_wconf 80' lang='grc' dir='ltr'>μὲν,</span> <span class='ocrx_word' id='word_1_38' title='bbox 466 1023 557 1127; x_wconf 83' lang='grc' dir='ltr'>πρὸς</span> <span class='ocrx_word' id='word_1_39' title='bbox 575 1022 617 1105; x_wconf 81' lang='grc' dir='ltr'>τὸ</span> <span class='ocrx_word' id='word_1_40' title='bbox 637 1029 701 1122; x_wconf 79' lang='grc' dir='ltr'><strong>τῆς</strong></span> <span class='ocrx_word' id='word_1_41' title='bbox 726 1024 942 1107; x_wconf 76' lang='grc' dir='ltr'>συστάσεως</span> <span class='ocrx_word' id='word_1_42' title='bbox 968 1022 1111 1128; x_wconf 84' lang='grc' dir='ltr'>ὄφελος,</span> <span class='ocrx_word' id='word_1_43' title='bbox 1130 1021 1177 1101; x_wconf 82' lang='grc' dir='ltr'>τὰ</span> <span class='ocrx_word' id='word_1_44' title='bbox 1202 1022 1248 1118; x_wconf 76' lang='grc' dir='ltr'>δὲ,</span> <span class='ocrx_word' id='word_1_45' title='bbox 1272 1022 1365 1126; x_wconf 86' lang='grc' dir='ltr'>πρὸς</span> <span class='ocrx_word' id='word_1_46' title='bbox 1383 1021 1451 1104; x_wconf 84' lang='grc' dir='ltr'>τὸ5</span> 
     </span>
     <span class='ocr_line' id='line_1_7' title="bbox 372 1155 1426 1264; baseline 0.001 -26"><span class='ocrx_word' id='word_1_47' title='bbox 372 1156 510 1241; x_wconf 82' lang='grc' dir='ltr'>καλλδς</span> <span class='ocrx_word' id='word_1_48' title='bbox 534 1162 597 1256; x_wconf 77' lang='grc' dir='ltr'><strong>τῆς</strong></span> <span class='ocrx_word' id='word_1_49' title='bbox 621 1158 741 1264; x_wconf 75' lang='grc' dir='ltr'>ὄφεως</span> <span class='ocrx_word' id='word_1_50' title='bbox 766 1164 944 1237; x_wconf 83' lang='grc' dir='ltr'>συντελεῖ.</span> <span class='ocrx_word' id='word_1_51' title='bbox 976 1155 1112 1259; x_wconf 85' lang='grc' dir='ltr'>οὐγὰρ</span> <span class='ocrx_word' id='word_1_52' title='bbox 1136 1159 1200 1255; x_wconf 80' lang='grc' dir='ltr'><strong>τῆς</strong></span> <span class='ocrx_word' id='word_1_53' title='bbox 1221 1158 1342 1260; x_wconf 86' lang='grc' dir='ltr'>χρείας</span> <span class='ocrx_word' id='word_1_54' title='bbox 1360 1155 1426 1253; x_wconf 82' lang='grc' dir='ltr'><strong>μό-</strong></span> 
     </span>
     <span class='ocr_line' id='line_1_8' title="bbox 373 1288 1426 1393; baseline -0.008 -16"><span class='ocrx_word' id='word_1_55' title='bbox 373 1328 451 1393; x_wconf 73' lang='grc' dir='ltr'>νης,</span> <span class='ocrx_word' id='word_1_56' title='bbox 473 1289 574 1372; x_wconf 84' lang='grc' dir='ltr'>ἀλλά</span> <span class='ocrx_word' id='word_1_57' title='bbox 592 1293 732 1389; x_wconf 74' lang='grc' dir='ltr'>καὶτῆς</span> <span class='ocrx_word' id='word_1_58' title='bbox 750 1288 846 1393; x_wconf 77' lang='grc' dir='ltr'>ὥρας</span> <span class='ocrx_word' id='word_1_59' title='bbox 867 1289 1037 1390; x_wconf 82' lang='grc' dir='ltr'>ἐπιμελὴς</span> <span class='ocrx_word' id='word_1_60' title='bbox 1059 1291 1082 1391; x_wconf 84' lang='grc' dir='ltr'><em>ἡ</em></span> <span class='ocrx_word' id='word_1_61' title='bbox 1110 1289 1280 1393; x_wconf 87' lang='grc' dir='ltr'>Πρόνοια.</span> <span class='ocrx_word' id='word_1_62' title='bbox 1313 1290 1426 1392; x_wconf 80' lang='grc' dir='ltr'>ε”ρυμα</span> 
     </span>
     <span class='ocr_line' id='line_1_9' title="bbox 373 1424 1421 1534; baseline -0.004 -25"><span class='ocrx_word' id='word_1_63' title='bbox 373 1427 439 1527; x_wconf 75' lang='grc' dir='ltr'><strong>μὲν</strong></span> <span class='ocrx_word' id='word_1_64' title='bbox 467 1427 615 1532; x_wconf 78' lang='grc' dir='ltr'>γὰρκαὶ</span> <span class='ocrx_word' id='word_1_65' title='bbox 642 1424 842 1525; x_wconf 69' lang='grc' dir='ltr'>σκέπασμα</span> <span class='ocrx_word' id='word_1_66' title='bbox 869 1432 962 1506; x_wconf 83' lang='grc' dir='ltr'>πᾶσι</span> <span class='ocrx_word' id='word_1_67' title='bbox 989 1430 1054 1524; x_wconf 77' lang='grc' dir='ltr'><strong>τῆς</strong></span> <span class='ocrx_word' id='word_1_68' title='bbox 1081 1430 1243 1534; x_wconf 78' lang='grc' dir='ltr'>κεφαλῆς</span> <span class='ocrx_word' id='word_1_69' title='bbox 1268 1427 1290 1527; x_wconf 84' lang='grc' dir='ltr'><em>ἡ</em></span> <span class='ocrx_word' id='word_1_70' title='bbox 1315 1425 1421 1528; x_wconf 84' lang='grc' dir='ltr'>κόμη·</span> 
     </span>
     <span class='ocr_line' id='line_1_10' title="bbox 373 1558 1424 1668; baseline -0.004 -24"><span class='ocrx_word' id='word_1_71' title='bbox 373 1563 560 1668; x_wconf 75' lang='grc' dir='ltr'>εὐπρέπεια</span> <span class='ocrx_word' id='word_1_72' title='bbox 575 1561 612 1641; x_wconf 78' lang='grc' dir='ltr'>δέ</span> <span class='ocrx_word' id='word_1_73' title='bbox 632 1565 652 1643; x_wconf 88' lang='grc' dir='ltr'>ὁ</span> <span class='ocrx_word' id='word_1_74' title='bbox 674 1561 809 1663; x_wconf 82' lang='grc' dir='ltr'>πιόγων</span> <span class='ocrx_word' id='word_1_75' title='bbox 823 1566 874 1666; x_wconf 79' lang='grc' dir='ltr'>τῷ</span> <span class='ocrx_word' id='word_1_76' title='bbox 890 1559 1100 1668; x_wconf 75' lang='grc' dir='ltr'>φιλοσόφῳ.</span> <span class='ocrx_word' id='word_1_77' title='bbox 1122 1558 1188 1658; x_wconf 85' lang='grc' dir='ltr'>τήν</span> <span class='ocrx_word' id='word_1_78' title='bbox 1202 1595 1240 1639; x_wconf 93' lang='grc' dir='ltr'><strong>τε</strong></span> <span class='ocrx_word' id='word_1_79' title='bbox 1258 1569 1323 1640; x_wconf 84' lang='grc' dir='ltr'>τοῦ</span> <span class='ocrx_word' id='word_1_80' title='bbox 1335 1559 1424 1640; x_wconf 83' lang='grc' dir='ltr'>ὅλου</span> 
     </span>
     <span class='ocr_line' id='line_1_11' title="bbox 377 1694 1470 1801; baseline -0.01 -22"><span class='ocrx_word' id='word_1_81' title='bbox 377 1699 547 1797; x_wconf 80' lang='grc' dir='ltr'>σώματος</span> <span class='ocrx_word' id='word_1_82' title='bbox 564 1707 628 1778; x_wconf 82' lang='grc' dir='ltr'>τοῦ</span> <span class='ocrx_word' id='word_1_83' title='bbox 646 1698 866 1799; x_wconf 83' lang='grc' dir='ltr'>ἀνθρωπείου</span> <span class='ocrx_word' id='word_1_84' title='bbox 884 1694 998 1801; x_wconf 83' lang='grc' dir='ltr'>φύσιν</span> <span class='ocrx_word' id='word_1_85' title='bbox 1016 1697 1055 1774; x_wconf 88' lang='grc' dir='ltr'><strong>ε’κ</strong></span> <span class='ocrx_word' id='word_1_86' title='bbox 1073 1701 1146 1774; x_wconf 84' lang='grc' dir='ltr'>τῶν</span> <span class='ocrx_word' id='word_1_87' title='bbox 1169 1702 1288 1798; x_wconf 81' lang='grc' dir='ltr'>μερῶν</span> <span class='ocrx_word' id='word_1_88' title='bbox 1306 1698 1420 1796; x_wconf 90' lang='grc' dir='ltr'>ἀναγ-</span> <span class='ocrx_word' id='word_1_89' title='bbox 1434 1731 1470 1769; x_wconf 83' lang='grc' dir='ltr'>ιο</span> 
     </span>
     <span class='ocr_line' id='line_1_12' title="bbox 377 1829 1422 1933; baseline -0.005 -19"><span class='ocrx_word' id='word_1_90' title='bbox 377 1836 486 1914; x_wconf 85' lang='grc' dir='ltr'>καίων</span> <span class='ocrx_word' id='word_1_91' title='bbox 513 1830 659 1911; x_wconf 82' lang='grc' dir='ltr'>πάντων</span> <span class='ocrx_word' id='word_1_92' title='bbox 677 1830 827 1933; x_wconf 82' lang='grc' dir='ltr'>ἥρμοσε,</span> <span class='ocrx_word' id='word_1_93' title='bbox 844 1833 902 1908; x_wconf 82' lang='grc' dir='ltr'><strong>καὶ</strong></span> <span class='ocrx_word' id='word_1_94' title='bbox 929 1836 1001 1912; x_wconf 83' lang='grc' dir='ltr'>τοῖς</span> <span class='ocrx_word' id='word_1_95' title='bbox 1025 1829 1154 1927; x_wconf 80' lang='grc' dir='ltr'>με’λεσι</span> <span class='ocrx_word' id='word_1_96' title='bbox 1178 1836 1272 1909; x_wconf 80' lang='grc' dir='ltr'>πᾶσι</span> <span class='ocrx_word' id='word_1_97' title='bbox 1292 1829 1358 1928; x_wconf 75' lang='grc' dir='ltr'>τήν</span> <span class='ocrx_word' id='word_1_98' title='bbox 1384 1863 1422 1909; x_wconf 89' lang='grc' dir='ltr'><strong>τε</strong></span> 
     </span>
     <span class='ocr_line' id='line_1_13' title="bbox 373 1961 1423 2069; baseline -0.006 -20"><span class='ocrx_word' id='word_1_99' title='bbox 373 1963 464 2069; x_wconf 79' lang='grc' dir='ltr'>πρὸς</span> <span class='ocrx_word' id='word_1_100' title='bbox 482 1966 631 2062; x_wconf 76' lang='grc' dir='ltr'>ἄλληλα</span> <span class='ocrx_word' id='word_1_101' title='bbox 649 1964 833 2043; x_wconf 87' lang='grc' dir='ltr'>κοινωνίαν</span> <span class='ocrx_word' id='word_1_102' title='bbox 855 1961 1056 2066; x_wconf 76' lang='grc' dir='ltr'>περιέβαλε,</span> <span class='ocrx_word' id='word_1_103' title='bbox 1076 1964 1135 2042; x_wconf 84' lang='grc' dir='ltr'><strong>καὶ</strong></span> <span class='ocrx_word' id='word_1_104' title='bbox 1152 1961 1219 2060; x_wconf 83' lang='grc' dir='ltr'>τὴν</span> <span class='ocrx_word' id='word_1_105' title='bbox 1241 1961 1341 2066; x_wconf 81' lang='grc' dir='ltr'>παρὰ</span> <span class='ocrx_word' id='word_1_106' title='bbox 1358 1971 1423 2043; x_wconf 84' lang='grc' dir='ltr'>τοῦ</span> 
     </span>
     <span class='ocr_line' id='line_1_14' title="bbox 375 2094 1422 2204; baseline -0.002 -24"><span class='ocrx_word' id='word_1_107' title='bbox 375 2099 464 2180; x_wconf 84' lang='grc' dir='ltr'>όλου</span> <span class='ocrx_word' id='word_1_108' title='bbox 482 2099 657 2204; x_wconf 77' lang='grc' dir='ltr'>χορηγίαν</span> <span class='ocrx_word' id='word_1_109' title='bbox 674 2097 924 2201; x_wconf 82' lang='grc' dir='ltr'>ε’πεμέτρησεν.</span> <span class='ocrx_word' id='word_1_110' title='bbox 954 2094 1004 2176; x_wconf 81' lang='grc' dir='ltr'><strong>ὧν</strong></span> <span class='ocrx_word' id='word_1_111' title='bbox 1022 2094 1068 2177; x_wconf 85' lang='grc' dir='ltr'>τὰ</span> <span class='ocrx_word' id='word_1_112' title='bbox 1081 2096 1146 2197; x_wconf 75' lang='grc' dir='ltr'><strong>μὲν</strong></span> <span class='ocrx_word' id='word_1_113' title='bbox 1160 2099 1352 2203; x_wconf 79' lang='grc' dir='ltr'>ὁλοσχερῆ,</span> <span class='ocrx_word' id='word_1_114' title='bbox 1363 2101 1422 2180; x_wconf 68' lang='grc' dir='ltr'><strong>καὶ</strong></span> 
     </span>
     <span class='ocr_line' id='line_1_15' title="bbox 373 2229 1421 2336; baseline 0.001 -23"><span class='ocrx_word' id='word_1_115' title='bbox 373 2240 446 2318; x_wconf 84' lang='grc' dir='ltr'>τοῖς</span> <span class='ocrx_word' id='word_1_116' title='bbox 464 2232 617 2316; x_wconf 73' lang='grc' dir='ltr'>ἰδιώταις</span> <span class='ocrx_word' id='word_1_117' title='bbox 635 2233 674 2312; x_wconf 76' lang='grc' dir='ltr'>ἐκ</span> <span class='ocrx_word' id='word_1_118' title='bbox 691 2235 755 2329; x_wconf 83' lang='grc' dir='ltr'><strong>τῆς</strong></span> <span class='ocrx_word' id='word_1_119' title='bbox 771 2232 904 2333; x_wconf 89' lang='grc' dir='ltr'>πείρας,</span> <span class='ocrx_word' id='word_1_120' title='bbox 924 2229 968 2330; x_wconf 84' lang='grc' dir='ltr'><strong>ἢν</strong></span> <span class='ocrx_word' id='word_1_121' title='bbox 983 2229 1054 2335; x_wconf 74' lang='grc' dir='ltr'>ἔχει</span> <span class='ocrx_word' id='word_1_122' title='bbox 1072 2230 1230 2332; x_wconf 81' lang='grc' dir='ltr'>δύναμιν,</span> <span class='ocrx_word' id='word_1_123' title='bbox 1244 2232 1421 2336; x_wconf 85' lang='grc' dir='ltr'>πρόδηλα·</span> 
     </span>
    </p>
   </div>
   <div class='ocr_carea' id='block_1_3' title="bbox 373 2363 1467 2475">
    <p class='ocr_par' dir='ltr' id='par_1_3' title="bbox 373 2363 1467 2475">
     <span class='ocr_line' id='line_1_16' title="bbox 373 2363 1467 2475; baseline -0.005 -27"><span class='ocrx_word' id='word_1_124' title='bbox 373 2372 536 2475; x_wconf 86' lang='grc' dir='ltr'>κεφαλῆς</span> <span class='ocrx_word' id='word_1_125' title='bbox 563 2369 743 2470; x_wconf 72' lang='grc' dir='ltr'>ἡγεμονία,</span> <span class='ocrx_word' id='word_1_126' title='bbox 770 2368 829 2447; x_wconf 83' lang='grc' dir='ltr'><strong>καὶ</strong></span> <span class='ocrx_word' id='word_1_127' title='bbox 856 2368 937 2468; x_wconf 86' lang='grc' dir='ltr'>περὶ</span> <span class='ocrx_word' id='word_1_128' title='bbox 964 2363 1028 2445; x_wconf 81' lang='grc' dir='ltr'>τὸν</span> <span class='ocrx_word' id='word_1_129' title='bbox 1056 2368 1270 2475; x_wconf 77' lang='grc' dir='ltr'>ἐγκέφαλον,</span> <span class='ocrx_word' id='word_1_130' title='bbox 1297 2367 1467 2473; x_wconf 77' lang='lat' dir='ltr'><strong>oi&#39;onrep15</strong></span> 
     </span>
    </p>
   </div>
   <div class='ocr_carea' id='block_1_4' title="bbox 372 2500 1422 2879">
    <p class='ocr_par' dir='ltr' id='par_1_4' title="bbox 372 2500 1422 2879">
     <span class='ocr_line' id='line_1_17' title="bbox 374 2500 1420 2611; baseline 0 -27"><span class='ocrx_word' id='word_1_131' title='bbox 374 2502 532 2609; x_wconf 79' lang='grc' dir='ltr'>ἄρχοντα</span> <span class='ocrx_word' id='word_1_132' title='bbox 550 2506 588 2583; x_wconf 86' lang='grc' dir='ltr'><strong>ἐν</strong></span> <span class='ocrx_word' id='word_1_133' title='bbox 612 2500 804 2607; x_wconf 84' lang='grc' dir='ltr'>ἀκροπόλει</span> <span class='ocrx_word' id='word_1_134' title='bbox 830 2507 901 2580; x_wconf 86' lang='grc' dir='ltr'>τῶν</span> <span class='ocrx_word' id='word_1_135' title='bbox 928 2501 1135 2602; x_wconf 75' lang='grc' dir='ltr'>αἰσθήσεων</span> <span class='ocrx_word' id='word_1_136' title='bbox 1163 2504 1185 2603; x_wconf 80' lang='grc' dir='ltr'><strong><em>ἡ</em></strong></span> <span class='ocrx_word' id='word_1_137' title='bbox 1210 2503 1420 2611; x_wconf 87' lang='grc' dir='ltr'>δορυφορία·</span> 
     </span>
     <span class='ocr_line' id='line_1_18' title="bbox 372 2636 1420 2746; baseline -0.015 -27"><span class='ocrx_word' id='word_1_138' title='bbox 372 2648 592 2743; x_wconf 85' lang='grc' dir='ltr'>προσιοῦσαι</span> <span class='ocrx_word' id='word_1_139' title='bbox 612 2640 682 2738; x_wconf 85' lang='lat' dir='ltr'><strong>(for.</strong></span> <span class='ocrx_word' id='word_1_140' title='bbox 701 2644 892 2741; x_wconf 81' lang='grc' dir='ltr'>προϊοῦσαι</span> <span class='ocrx_word' id='word_1_141' title='bbox 916 2648 1064 2746; x_wconf 77' lang='lat' dir='ltr'><strong>Vigerm.)</strong></span> <span class='ocrx_word' id='word_1_142' title='bbox 1085 2636 1149 2738; x_wconf 71' lang='grc' dir='ltr'><strong>μὲν</strong></span> <span class='ocrx_word' id='word_1_143' title='bbox 1167 2637 1281 2744; x_wconf 72' lang='grc' dir='ltr'>ὄφεις,</span> <span class='ocrx_word' id='word_1_144' title='bbox 1304 2640 1420 2740; x_wconf 65' lang='grc' dir='ltr'>ἁμαρ.</span> 
     </span>
     <span class='ocr_line' id='line_1_19' title="bbox 372 2769 1422 2879; baseline 0.002 -26"><span class='ocrx_word' id='word_1_145' title='bbox 372 2776 575 2877; x_wconf 84' lang='grc' dir='ltr'>γε’λλουσαι</span> <span class='ocrx_word' id='word_1_146' title='bbox 603 2772 641 2853; x_wconf 81' lang='grc' dir='ltr'><strong>δὲ</strong></span> <span class='ocrx_word' id='word_1_147' title='bbox 668 2775 781 2868; x_wconf 78' lang='grc' dir='ltr'>ἀκοαὶ,</span> <span class='ocrx_word' id='word_1_148' title='bbox 799 2769 911 2870; x_wconf 77' lang='grc' dir='ltr'>ἐδωδὴ</span> <span class='ocrx_word' id='word_1_149' title='bbox 939 2774 968 2850; x_wconf 86' lang='grc' dir='ltr'>δ</span> <span class='ocrx_word' id='word_1_150' title='bbox 997 2770 1122 2877; x_wconf 78' lang='grc' dir='ltr'>ὥσπερ</span> <span class='ocrx_word' id='word_1_151' title='bbox 1150 2782 1422 2879; x_wconf 83' lang='grc' dir='ltr'>φορολογοῦσα,</span> 
     </span>
    </p>
   </div>
   <div class='ocr_carea' id='block_1_5' title="bbox 371 2931 1469 4375">
    <p class='ocr_par' dir='ltr' id='par_1_5' title="bbox 371 2931 1469 4375">
     <span class='ocr_line' id='line_1_20' title="bbox 373 2931 1420 3009; baseline -0.004 -16"><span class='ocrx_word' id='word_1_152' title='bbox 373 2954 466 2999; x_wconf 89' lang='lat' dir='ltr'><strong>orum,</strong></span> <span class='ocrx_word' id='word_1_153' title='bbox 486 2935 637 3000; x_wconf 84' lang='lat' dir='ltr'><strong>viscerum,</strong></span> <span class='ocrx_word' id='word_1_154' title='bbox 654 2933 870 2996; x_wconf 81' lang='lat' dir='ltr'><strong>intestinorum,</strong></span> <span class='ocrx_word' id='word_1_155' title='bbox 922 2942 1101 2990; x_wconf 81' lang='lat' dir='ltr'><strong>nomentum.</strong></span> <span class='ocrx_word' id='word_1_156' title='bbox 1139 2931 1196 2990; x_wconf 88' lang='lat' dir='ltr'><strong>Illa</strong></span> <span class='ocrx_word' id='word_1_157' title='bbox 1209 2931 1300 3009; x_wconf 79' lang='lat' dir='ltr'><strong>igitur</strong></span> <span class='ocrx_word' id='word_1_158' title='bbox 1314 2932 1420 3009; x_wconf 78' lang='lat' dir='ltr'>integri</span> 
     </span>
     <span class='ocr_line' id='line_1_21' title="bbox 373 3010 1469 3091; baseline -0.004 -19"><span class='ocrx_word' id='word_1_159' title='bbox 373 3033 474 3072; x_wconf 87' lang='lat' dir='ltr'><strong>sensns</strong></span> <span class='ocrx_word' id='word_1_160' title='bbox 485 3014 754 3077; x_wconf 82' lang='lat' dir='ltr'><strong>instrumentorum,</strong></span> <span class='ocrx_word' id='word_1_161' title='bbox 765 3010 871 3069; x_wconf 90' lang='lat' dir='ltr'><strong>intrin-</strong></span> <span class='ocrx_word' id='word_1_162' title='bbox 922 3012 1050 3091; x_wconf 89' lang='lat' dir='ltr'><strong>corporis</strong></span> <span class='ocrx_word' id='word_1_163' title='bbox 1073 3012 1193 3070; x_wconf 87' lang='lat' dir='ltr'><strong>humani</strong></span> <span class='ocrx_word' id='word_1_164' title='bbox 1221 3024 1354 3071; x_wconf 81' lang='lat' dir='ltr'><strong>naturam</strong></span> <span class='ocrx_word' id='word_1_165' title='bbox 1383 3031 1469 3078; x_wconf 71' lang='lat'>0¹20</span> 
     </span>
     <span class='ocr_line' id='line_1_22' title="bbox 373 3090 1422 3170; baseline 0 -19"><span class='ocrx_word' id='word_1_166' title='bbox 373 3111 455 3151; x_wconf 88' lang='lat' dir='ltr'><strong>secus</strong></span> <span class='ocrx_word' id='word_1_167' title='bbox 483 3092 699 3150; x_wconf 85' lang='lat' dir='ltr'><strong>extrinsecnsve</strong></span> <span class='ocrx_word' id='word_1_168' title='bbox 724 3090 870 3157; x_wconf 83' lang='lat' dir='ltr'><strong>conflavit,</strong></span> <span class='ocrx_word' id='word_1_169' title='bbox 922 3092 1052 3170; x_wconf 86' lang='lat' dir='ltr'><strong>partibus</strong></span> <span class='ocrx_word' id='word_1_170' title='bbox 1087 3094 1255 3151; x_wconf 84' lang='lat' dir='ltr'><strong>necessariis</strong></span> <span class='ocrx_word' id='word_1_171' title='bbox 1286 3091 1422 3151; x_wconf 85' lang='lat' dir='ltr'><strong>omuibus</strong></span> 
     </span>
     <span class='ocr_line' id='line_1_23' title="bbox 373 3170 1420 3250; baseline 0 -21"><span class='ocrx_word' id='word_1_172' title='bbox 373 3192 436 3250; x_wconf 80' lang='lat' dir='ltr'><strong>quoe</strong></span> <span class='ocrx_word' id='word_1_173' title='bbox 461 3171 559 3228; x_wconf 87' lang='lat' dir='ltr'><strong>vivum</strong></span> <span class='ocrx_word' id='word_1_174' title='bbox 581 3170 744 3247; x_wconf 76' lang='lat' dir='ltr'><strong>respirans</strong></span> <span class='ocrx_word' id='word_1_175' title='bbox 767 3188 872 3245; x_wconf 85' lang='lat' dir='ltr'><strong>corpus</strong></span> <span class='ocrx_word' id='word_1_176' title='bbox 921 3173 1144 3250; x_wconf 79' lang='lat' dir='ltr'><strong>coagmentavit,</strong></span> <span class='ocrx_word' id='word_1_177' title='bbox 1156 3173 1348 3249; x_wconf 84' lang='lat' dir='ltr'><strong>membrisque</strong></span> <span class='ocrx_word' id='word_1_178' title='bbox 1357 3192 1420 3229; x_wconf 91' lang='lat' dir='ltr'><strong>om-</strong></span> 
     </span>
     <span class='ocr_line' id='line_1_24' title="bbox 372 3249 1421 3329; baseline -0.001 -17"><span class='ocrx_word' id='word_1_179' title='bbox 372 3252 520 3312; x_wconf 81' lang='lat' dir='ltr'><strong>efficeret?</strong></span> <span class='ocrx_word' id='word_1_180' title='bbox 544 3250 622 3308; x_wconf 91' lang='lat' dir='ltr'><strong>Nam</strong></span> <span class='ocrx_word' id='word_1_181' title='bbox 634 3270 671 3309; x_wconf 86' lang='lat' dir='ltr'><strong>ex</strong></span> <span class='ocrx_word' id='word_1_182' title='bbox 685 3249 743 3308; x_wconf 89' lang='lat' dir='ltr'><strong>illis</strong></span> <span class='ocrx_word' id='word_1_183' title='bbox 753 3250 869 3329; x_wconf 85' lang='lat' dir='ltr'><strong>quidem</strong></span> <span class='ocrx_word' id='word_1_184' title='bbox 921 3252 1008 3311; x_wconf 88' lang='lat' dir='ltr'><strong>nibus</strong></span> <span class='ocrx_word' id='word_1_185' title='bbox 1032 3272 1098 3311; x_wconf 91' lang='lat' dir='ltr'><strong>cum</strong></span> <span class='ocrx_word' id='word_1_186' title='bbox 1123 3264 1253 3311; x_wconf 87' lang='lat' dir='ltr'><strong>mutuum</strong></span> <span class='ocrx_word' id='word_1_187' title='bbox 1284 3253 1360 3311; x_wconf 88' lang='lat' dir='ltr'><strong>inter</strong></span> <span class='ocrx_word' id='word_1_188' title='bbox 1389 3272 1421 3311; x_wconf 83' lang='lat' dir='ltr'><strong>se</strong></span> 
     </span>
     <span class='ocr_line' id='line_1_25' title="bbox 372 3328 1419 3401; baseline -0.003 -10"><span class='ocrx_word' id='word_1_189' title='bbox 372 3332 508 3391; x_wconf 90' lang='lat' dir='ltr'><strong>omnibus</strong></span> <span class='ocrx_word' id='word_1_190' title='bbox 521 3331 648 3390; x_wconf 88' lang='lat' dir='ltr'><strong>otiosum</strong></span> <span class='ocrx_word' id='word_1_191' title='bbox 666 3330 739 3389; x_wconf 89' lang='lat' dir='ltr'><strong>nihil</strong></span> <span class='ocrx_word' id='word_1_192' title='bbox 756 3342 810 3397; x_wconf 91' lang='lat' dir='ltr'><strong>est,</strong></span> <span class='ocrx_word' id='word_1_193' title='bbox 826 3328 871 3386; x_wconf 86' lang='lat' dir='ltr'><strong>ni·</strong></span> <span class='ocrx_word' id='word_1_194' title='bbox 921 3333 1153 3391; x_wconf 85' lang='lat' dir='ltr'><strong>communionem</strong></span> <span class='ocrx_word' id='word_1_195' title='bbox 1173 3332 1289 3401; x_wconf 86' lang='lat' dir='ltr'><strong>indidit,</strong></span> <span class='ocrx_word' id='word_1_196' title='bbox 1304 3344 1367 3391; x_wconf 90' lang='lat' dir='ltr'><strong>tum</strong></span> <span class='ocrx_word' id='word_1_197' title='bbox 1382 3352 1419 3389; x_wconf 89' lang='lat' dir='ltr'><strong>ex</strong></span> 
     </span>
     <span class='ocr_line' id='line_1_26' title="bbox 372 3410 1466 3492; baseline -0.001 -21"><span class='ocrx_word' id='word_1_198' title='bbox 372 3412 415 3471; x_wconf 90' lang='lat' dir='ltr'><strong>hil</strong></span> <span class='ocrx_word' id='word_1_199' title='bbox 435 3412 551 3479; x_wconf 86' lang='lat' dir='ltr'><strong>inutile,</strong></span> <span class='ocrx_word' id='word_1_200' title='bbox 573 3432 631 3471; x_wconf 91' lang='lat' dir='ltr'><strong>non</strong></span> <span class='ocrx_word' id='word_1_201' title='bbox 651 3412 713 3489; x_wconf 89' lang='lat' dir='ltr'><strong>pili,</strong></span> <span class='ocrx_word' id='word_1_202' title='bbox 735 3432 793 3471; x_wconf 91' lang='lat' dir='ltr'><strong>non</strong></span> <span class='ocrx_word' id='word_1_203' title='bbox 814 3430 870 3469; x_wconf 82' lang='lat' dir='ltr'><strong>un·</strong></span> <span class='ocrx_word' id='word_1_204' title='bbox 920 3412 1111 3472; x_wconf 83' lang='lat' dir='ltr'><strong>totiusetiam</strong></span> <span class='ocrx_word' id='word_1_205' title='bbox 1123 3414 1228 3492; x_wconf 89' lang='lat' dir='ltr'><strong>opibus</strong></span> <span class='ocrx_word' id='word_1_206' title='bbox 1242 3411 1354 3491; x_wconf 81' lang='lat' dir='ltr'><strong>prolixe</strong></span> <span class='ocrx_word' id='word_1_207' title='bbox 1368 3410 1420 3470; x_wconf 86' lang='lat' dir='ltr'><strong>nd·</strong></span> <span class='ocrx_word' id='word_1_208' title='bbox 1432 3424 1466 3483; x_wconf 83' lang='lat'><strong>²5</strong></span> 
     </span>
     <span class='ocr_line' id='line_1_27' title="bbox 371 3492 1420 3571; baseline -0.001 -19"><span class='ocrx_word' id='word_1_209' title='bbox 371 3513 453 3571; x_wconf 85' lang='lat' dir='ltr'><strong>gucs,</strong></span> <span class='ocrx_word' id='word_1_210' title='bbox 467 3513 527 3551; x_wconf 90' lang='lat' dir='ltr'><strong>non</strong></span> <span class='ocrx_word' id='word_1_211' title='bbox 541 3505 645 3552; x_wconf 85' lang='lat' dir='ltr'><strong>caetera</strong></span> <span class='ocrx_word' id='word_1_212' title='bbox 658 3513 722 3571; x_wconf 72' lang='lat' dir='ltr'><strong>que</strong></span> <span class='ocrx_word' id='word_1_213' title='bbox 736 3492 869 3571; x_wconf 83' lang='lat' dir='ltr'><strong>abjectis·</strong></span> <span class='ocrx_word' id='word_1_214' title='bbox 920 3493 1038 3551; x_wconf 91' lang='lat' dir='ltr'><strong>modum</strong></span> <span class='ocrx_word' id='word_1_215' title='bbox 1054 3513 1087 3552; x_wconf 88' lang='lat' dir='ltr'><strong>ao</strong></span> <span class='ocrx_word' id='word_1_216' title='bbox 1105 3492 1263 3553; x_wconf 82' lang='lat' dir='ltr'><strong>liberaliter</strong></span> <span class='ocrx_word' id='word_1_217' title='bbox 1283 3492 1420 3553; x_wconf 82' lang='lat' dir='ltr'><strong>admoneo</strong></span> 
     </span>
     <span class='ocr_line' id='line_1_28' title="bbox 372 3568 1418 3653; baseline -0.002 -20"><span class='ocrx_word' id='word_1_218' title='bbox 372 3576 445 3633; x_wconf 85' lang='lat' dir='ltr'><strong>sima</strong></span> <span class='ocrx_word' id='word_1_219' title='bbox 458 3573 550 3633; x_wconf 83' lang='lat' dir='ltr'><strong>rideri</strong></span> <span class='ocrx_word' id='word_1_220' title='bbox 565 3576 693 3653; x_wconf 76' lang='lat' dir='ltr'><strong>possint:</strong></span> <span class='ocrx_word' id='word_1_221' title='bbox 712 3575 809 3632; x_wconf 85' lang='lat' dir='ltr'><strong>omnia</strong></span> <span class='ocrx_word' id='word_1_222' title='bbox 823 3568 871 3630; x_wconf 87' lang='lat' dir='ltr'><strong>vel</strong></span> <span class='ocrx_word' id='word_1_223' title='bbox 921 3584 975 3632; x_wconf 87' lang='lat' dir='ltr'><strong>est.</strong></span> <span class='ocrx_word' id='word_1_224' title='bbox 1020 3574 1062 3633; x_wconf 89' lang='lat' dir='ltr'><strong>Et</strong></span> <span class='ocrx_word' id='word_1_225' title='bbox 1082 3574 1211 3633; x_wconf 85' lang='lat' dir='ltr'><strong>membra</strong></span> <span class='ocrx_word' id='word_1_226' title='bbox 1228 3573 1346 3651; x_wconf 88' lang='lat' dir='ltr'><strong>quidem</strong></span> <span class='ocrx_word' id='word_1_227' title='bbox 1366 3593 1418 3653; x_wconf 93' lang='lat' dir='ltr'><strong>po·</strong></span> 
     </span>
     <span class='ocr_line' id='line_1_29' title="bbox 372 3652 1419 3733; baseline 0 -22"><span class='ocrx_word' id='word_1_228' title='bbox 372 3654 408 3711; x_wconf 88' lang='lat' dir='ltr'><strong>sd</strong></span> <span class='ocrx_word' id='word_1_229' title='bbox 426 3654 658 3712; x_wconf 75' lang='lat' dir='ltr'><strong>constituendam</strong></span> <span class='ocrx_word' id='word_1_230' title='bbox 673 3654 736 3731; x_wconf 88' lang='lat' dir='ltr'><strong>ejus</strong></span> <span class='ocrx_word' id='word_1_231' title='bbox 750 3652 870 3733; x_wconf 83' lang='lat' dir='ltr'><strong>integri·</strong></span> <span class='ocrx_word' id='word_1_232' title='bbox 921 3654 1042 3724; x_wconf 85' lang='lat' dir='ltr'><strong>tissima,</strong></span> <span class='ocrx_word' id='word_1_233' title='bbox 1057 3674 1142 3732; x_wconf 79' lang='lat' dir='ltr'><strong>quom</strong></span> <span class='ocrx_word' id='word_1_234' title='bbox 1165 3655 1223 3711; x_wconf 82' lang='lat' dir='ltr'><strong>vim</strong></span> <span class='ocrx_word' id='word_1_235' title='bbox 1245 3665 1276 3712; x_wconf 92' lang='lat' dir='ltr'><strong>et</strong></span> <span class='ocrx_word' id='word_1_236' title='bbox 1296 3654 1419 3712; x_wconf 85' lang='lat' dir='ltr'><strong>faculta-</strong></span> 
     </span>
     <span class='ocr_line' id='line_1_30' title="bbox 372 3733 1418 3813; baseline -0.001 -21"><span class='ocrx_word' id='word_1_237' title='bbox 372 3744 473 3799; x_wconf 83' lang='lat' dir='ltr'><strong>tatem,</strong></span> <span class='ocrx_word' id='word_1_238' title='bbox 489 3733 536 3791; x_wconf 85' lang='lat' dir='ltr'><strong>vel</strong></span> <span class='ocrx_word' id='word_1_239' title='bbox 553 3734 590 3791; x_wconf 87' lang='lat' dir='ltr'><strong>sd</strong></span> <span class='ocrx_word' id='word_1_240' title='bbox 607 3735 730 3813; x_wconf 86' lang='lat' dir='ltr'><strong>speciem</strong></span> <span class='ocrx_word' id='word_1_241' title='bbox 745 3734 871 3813; x_wconf 80' lang='lat' dir='ltr'><strong>dignita·</strong></span> <span class='ocrx_word' id='word_1_242' title='bbox 921 3749 981 3793; x_wconf 91' lang='lat' dir='ltr'><strong>tem</strong></span> <span class='ocrx_word' id='word_1_243' title='bbox 996 3734 1128 3803; x_wconf 85' lang='lat' dir='ltr'><strong>habeant,</strong></span> <span class='ocrx_word' id='word_1_244' title='bbox 1147 3754 1202 3792; x_wconf 85' lang='lat' dir='ltr'><strong>usu</strong></span> <span class='ocrx_word' id='word_1_245' title='bbox 1220 3744 1250 3793; x_wconf 84' lang='lat' dir='ltr'><strong>et</strong></span> <span class='ocrx_word' id='word_1_246' title='bbox 1266 3734 1418 3813; x_wconf 83' lang='lat' dir='ltr'><strong>experien-</strong></span> 
     </span>
     <span class='ocr_line' id='line_1_31' title="bbox 372 3812 1466 3893; baseline -0.001 -21"><span class='ocrx_word' id='word_1_247' title='bbox 372 3825 490 3889; x_wconf 87' lang='lat' dir='ltr'><strong>temquc</strong></span> <span class='ocrx_word' id='word_1_248' title='bbox 504 3812 681 3872; x_wconf 87' lang='lat' dir='ltr'><strong>conducunt.</strong></span> <span class='ocrx_word' id='word_1_249' title='bbox 716 3814 871 3874; x_wconf 85' lang='lat' dir='ltr'><strong>Neoenim</strong></span> <span class='ocrx_word' id='word_1_250' title='bbox 921 3815 963 3874; x_wconf 85' lang='lat' dir='ltr'><strong>tia</strong></span> <span class='ocrx_word' id='word_1_251' title='bbox 983 3815 1038 3893; x_wconf 86' lang='lat' dir='ltr'><strong>ipsi</strong></span> <span class='ocrx_word' id='word_1_252' title='bbox 1060 3814 1147 3873; x_wconf 87' lang='lat' dir='ltr'><strong>etiam</strong></span> <span class='ocrx_word' id='word_1_253' title='bbox 1172 3813 1270 3872; x_wconf 80' lang='lat' dir='ltr'><strong>idiotae</strong></span> <span class='ocrx_word' id='word_1_254' title='bbox 1289 3825 1466 3885; x_wconf 80' lang='lat' dir='ltr'><strong>norunt=30</strong></span> 
     </span>
     <span class='ocr_line' id='line_1_32' title="bbox 372 3892 1418 3974; baseline 0.002 -23"><span class='ocrx_word' id='word_1_255' title='bbox 372 3892 592 3951; x_wconf 83' lang='lat' dir='ltr'><strong>nsuiduntaxst</strong></span> <span class='ocrx_word' id='word_1_256' title='bbox 606 3894 657 3951; x_wconf 92' lang='lat' dir='ltr'><strong>uni</strong></span> <span class='ocrx_word' id='word_1_257' title='bbox 671 3894 870 3962; x_wconf 86' lang='lat' dir='ltr'><strong>Providentia,</strong></span> <span class='ocrx_word' id='word_1_258' title='bbox 922 3896 1025 3974; x_wconf 89' lang='lat' dir='ltr'><strong>capitis</strong></span> <span class='ocrx_word' id='word_1_259' title='bbox 1041 3895 1230 3973; x_wconf 79' lang='lat' dir='ltr'><strong>principatus,</strong></span> <span class='ocrx_word' id='word_1_260' title='bbox 1245 3894 1321 3952; x_wconf 87' lang='lat' dir='ltr'><strong>circa</strong></span> <span class='ocrx_word' id='word_1_261' title='bbox 1339 3914 1418 3953; x_wconf 88' lang='lat' dir='ltr'><strong>cere·</strong></span> 
     </span>
     <span class='ocr_line' id='line_1_33' title="bbox 372 3972 1418 4111; baseline 0.005 -79"><span class='ocrx_word' id='word_1_262' title='bbox 372 3972 423 4032; x_wconf 91' lang='lat' dir='ltr'><strong>sed</strong></span> <span class='ocrx_word' id='word_1_263' title='bbox 442 3972 530 4031; x_wconf 87' lang='lat' dir='ltr'><strong>etiam</strong></span> <span class='ocrx_word' id='word_1_264' title='bbox 545 3972 738 4051; x_wconf 88' lang='lat' dir='ltr'><strong>pulcritudini</strong></span> <span class='ocrx_word' id='word_1_265' title='bbox 758 3994 791 4033; x_wconf 90' lang='lat' dir='ltr'><strong>ac</strong></span> <span class='ocrx_word' id='word_1_266' title='bbox 810 3975 870 4033; x_wconf 88' lang='lat' dir='ltr'><strong>for·</strong></span> <span class='ocrx_word' id='word_1_267' title='bbox 921 3976 1006 4034; x_wconf 90' lang='lat' dir='ltr'><strong>brum</strong></span> <span class='ocrx_word' id='word_1_268' title='bbox 1038 3987 1176 4052; x_wconf 79' lang='lat' dir='ltr'><strong>tanquam</strong></span> <span class='ocrx_word' id='word_1_269' title='bbox 1204 3974 1418 4111; x_wconf 71' lang='lat' dir='ltr'><strong>imperatorem.</strong></span> 
     </span>
     <span class='ocr_line' id='line_1_34' title="bbox 371 4052 1419 4131; baseline 0.002 -20"><span class='ocrx_word' id='word_1_270' title='bbox 371 4073 426 4112; x_wconf 76' lang='lat' dir='ltr'><strong>moa</strong></span> <span class='ocrx_word' id='word_1_271' title='bbox 454 4052 601 4131; x_wconf 87' lang='lat' dir='ltr'><strong>prospicit.</strong></span> <span class='ocrx_word' id='word_1_272' title='bbox 644 4053 748 4131; x_wconf 85' lang='lat' dir='ltr'><strong>Itaque</strong></span> <span class='ocrx_word' id='word_1_273' title='bbox 778 4056 872 4115; x_wconf 84' lang='lat' dir='ltr'><strong>totius</strong></span> <span class='ocrx_word' id='word_1_274' title='bbox 921 4075 1059 4114; x_wconf 86' lang='lat' dir='ltr'><strong>sensuum</strong></span> <span class='ocrx_word' id='word_1_275' title='bbox 1083 4056 1114 4112; x_wconf 91' lang='lat' dir='ltr'><strong>in</strong></span> <span class='ocrx_word' id='word_1_276' title='bbox 1138 4054 1265 4130; x_wconf 85' lang='lat' dir='ltr'><strong>scropoi</strong></span> <span class='ocrx_word' id='word_1_277' title='bbox 1289 4054 1419 4113; x_wconf 74' lang='lat' dir='ltr'><strong>excubias</strong></span> 
     </span>
     <span class='ocr_line' id='line_1_35' title="bbox 372 4132 1419 4215; baseline 0.001 -23"><span class='ocrx_word' id='word_1_278' title='bbox 372 4132 476 4211; x_wconf 82' lang='lat' dir='ltr'><strong>capitis</strong></span> <span class='ocrx_word' id='word_1_279' title='bbox 500 4134 749 4212; x_wconf 82' lang='lat' dir='ltr'><strong>propugnaculum</strong></span> <span class='ocrx_word' id='word_1_280' title='bbox 777 4135 869 4213; x_wconf 92' lang='lat' dir='ltr'><strong>qnod·</strong></span> <span class='ocrx_word' id='word_1_281' title='bbox 921 4146 1009 4213; x_wconf 87' lang='lat' dir='ltr'><strong>atqua</strong></span> <span class='ocrx_word' id='word_1_282' title='bbox 1034 4134 1176 4215; x_wconf 72' lang='lat' dir='ltr'><strong>pracsidio,</strong></span> <span class='ocrx_word' id='word_1_283' title='bbox 1201 4133 1419 4213; x_wconf 78' lang='lat' dir='ltr'><strong>progredientes</strong></span> 
     </span>
     <span class='ocr_line' id='line_1_36' title="bbox 372 4212 1463 4292; baseline 0 -21"><span class='ocrx_word' id='word_1_284' title='bbox 372 4212 439 4271; x_wconf 82' lang='lat' dir='ltr'><strong>dam</strong></span> <span class='ocrx_word' id='word_1_285' title='bbox 453 4232 487 4271; x_wconf 84' lang='lat' dir='ltr'><strong>ac</strong></span> <span class='ocrx_word' id='word_1_286' title='bbox 499 4223 701 4292; x_wconf 80' lang='lat' dir='ltr'><strong>tegumentum</strong></span> <span class='ocrx_word' id='word_1_287' title='bbox 716 4236 797 4274; x_wconf 86' lang='lat' dir='ltr'><strong>coma</strong></span> <span class='ocrx_word' id='word_1_288' title='bbox 806 4226 868 4276; x_wconf 80' lang='lat' dir='ltr'><strong>est:</strong></span> <span class='ocrx_word' id='word_1_289' title='bbox 921 4216 1007 4281; x_wconf 91' lang='lat' dir='ltr'><strong>oculi,</strong></span> <span class='ocrx_word' id='word_1_290' title='bbox 1022 4236 1106 4275; x_wconf 86' lang='lat' dir='ltr'><strong>aures</strong></span> <span class='ocrx_word' id='word_1_291' title='bbox 1127 4216 1249 4274; x_wconf 78' lang='lat' dir='ltr'><strong>nuncios</strong></span> <span class='ocrx_word' id='word_1_292' title='bbox 1269 4214 1416 4292; x_wconf 87' lang='lat' dir='ltr'><strong>perferen·</strong></span> <span class='ocrx_word' id='word_1_293' title='bbox 1428 4229 1463 4287; x_wconf 83' lang='lat'><strong>35</strong></span> 
     </span>
     <span class='ocr_line' id='line_1_37' title="bbox 372 4292 1417 4375; baseline 0.002 -25"><span class='ocrx_word' id='word_1_294' title='bbox 372 4292 460 4352; x_wconf 88' lang='lat' dir='ltr'><strong>barba</strong></span> <span class='ocrx_word' id='word_1_295' title='bbox 481 4292 644 4373; x_wconf 79' lang='lat' dir='ltr'><strong>philosophi</strong></span> <span class='ocrx_word' id='word_1_296' title='bbox 665 4296 754 4355; x_wconf 88' lang='lat' dir='ltr'><strong>decus</strong></span> <span class='ocrx_word' id='word_1_297' title='bbox 774 4306 804 4355; x_wconf 79' lang='lat' dir='ltr'><strong>et</strong></span> <span class='ocrx_word' id='word_1_298' title='bbox 826 4316 872 4354; x_wconf 89' lang='lat' dir='ltr'><strong>or·</strong></span> <span class='ocrx_word' id='word_1_299' title='bbox 922 4306 975 4365; x_wconf 88' lang='lat' dir='ltr'><strong>tes,</strong></span> <span class='ocrx_word' id='word_1_300' title='bbox 989 4306 1124 4375; x_wconf 80' lang='lat' dir='ltr'><strong>gustatus</strong></span> <span class='ocrx_word' id='word_1_301' title='bbox 1134 4296 1216 4354; x_wconf 86' lang='lat' dir='ltr'><strong>velut</strong></span> <span class='ocrx_word' id='word_1_302' title='bbox 1225 4304 1417 4354; x_wconf 85' lang='lat' dir='ltr'><strong>commentum</strong></span> 
     </span>
    </p>
   </div>
   <div class='ocr_carea' id='block_1_6' title="bbox 0 0 1626 5150">
    <p class='ocr_par' dir='ltr' id='par_1_6' title="bbox 0 0 1626 5150">
     <span class='ocr_line' id='line_1_38' title="bbox 0 0 1626 5150; baseline 0 1"><span class='ocrx_word' id='word_1_303' title='bbox 0 0 1626 5150; x_wconf 95' lang='lat' dir='ltr'><strong> </strong></span> 
     </span>
    </p>
   </div>
  </div>
 </body>
</html>
