3242 5150
342 368 409 432 812
529 361 801 430 CONCILIUM
826 359 1150 423 ARELATENSE
1175 359 1204 422 1.

345 540 541 598 'Cannaene
561 536 723 615 episcopus,
747 532 855 592 Florus
874 530 1024 600 diaconus,
1039 550 1075 590 ex
1097 529 1216 589 civitate
1235 528 1391 608 Syracusa·

384 654 500 699 norum,
514 631 665 712 provincia
678 629 787 689 Sicilia.

346 729 498 789 Protcrius
511 728 674 807 episcopus,
688 725 822 804 Agrippa
833 735 863 784 ct
878 724 970 784 Pinus
989 723 1132 794 diacones,
1147 721 1185 784 de
1203 724 1321 784 civitate
1336 724 1406 800 Ca..

385 827 549 906 puensinm,
564 824 713 903 provincia
726 823 894 902 Campania.

347 923 460 982 Pardus
480 921 643 1001 episcopus,
666 920 806 980 Crescens
827 920 975 988 diaconus,
996 917 1034 978 de
1054 917 1173 978 civitate
1192 916 1392 996 Arpicnsium,

386 1019 535 1098 provincia
549 1014 669 1096 Apulia.

344 1115 517 1174 Theodorus
530 1113 693 1191 episcopus,
708 1111 848 1191 Agathou
862 1112 1011 1179 diaconus,
1026 1111 1063 1172 de
1077 1111 1195 1171 civitate
1205 1109 1394 1188 Aquileiensi,

386 1210 536 1290 provincia
549 1209 703 1268 Dahnatia.

347 1307 526 1366 Claudianus
535 1316 566 1366 et
581 1307 667 1365 Vitas
680 1307 852 1386 presbyteri,
863 1305 1016 1384 Eugenius
1029 1316 1060 1364 et
1074 1304 1236 1384 teyriscus
1250 1305 1394 1372 namna,

389 1416 451 1462 uaa
466 1404 538 1462 urbe
553 1403 648 1460 Roma
660 1403 739 1460 missi
753 1423 771 1460 a
785 1402 927 1461 Silvestro
940 1401 1086 1481 episcopo.

348 1498 495 1559 Mcrocles
508 1499 671 1578 episcopus,
687 1499 814 1558 Severus
828 1498 975 1565 diaconus,
991 1497 1027 1558 de
1041 1498 1159 1560 civitate
1170 1498 1394 1563 Mediolanensi,

388 1596 538 1676 provincia
552 1595 648 1654 Italia.

349 1693 496 1752 ¹0resius
523 1692 686 1771 episcopus,
709 1691 856 1750 Nanneius
879 1689 981 1760 lector,
1005 1691 1042 1751 de
1066 1691 1183 1752 civitate
1207 1691 1394 1760 Massiliensi,

389 1790 538 1870 provincia
551 1789 725 1848 Viennensi.

350 1887 486 1945 Marinus
498 1886 660 1965 episcopus,
675 1885 809 1944 Salamas
823 1886 982 1965 presbyter,
998 1885 1145 1956 Nicasius,
1160 1886 1246 1953 Afer,
1262 1887 1396 1954 Ursinus,

390 1993 421 2041 et
440 1983 557 2048 Petrus,
572 1981 715 2050 diacones,
731 1982 768 2041 de
782 1982 900 2042 civitate
910 1981 1136 2052 Arelatensium,
1148 1983 1297 2062 provincia
1307 1983 1397 2042 Vien-

392 2080 483 2138 nensi.

351 2176 450 2234 Verus
471 2175 633 2254 episcopus,
654 2173 751 2234 Bedas
770 2175 923 2242 exorcista,
939 2175 976 2236 de
996 2176 1115 2236 civitate
1135 2176 1309 2244 Viennensi,
1330 2195 1396 2256 pro-

391 2272 486 2330 vincia
499 2271 705 2352 suprascripta.

352 2369 496 2448 Daphnus
513 2369 676 2448 episcopus,
697 2369 799 2428 Victor
817 2368 970 2439 exorcista,
988 2368 1025 2428 de
1044 2368 1163 2428 civitate
1182 2369 1313 2436 Vascnsi,
1330 2389 1397 2448 pro·

391 2466 488 2526 vincia
502 2466 675 2526 Viennenn.

352 2563 512 2623 Faustinus
536 2565 696 2644 presbyter,
718 2563 756 2623 de
780 2563 899 2623 civitate
922 2561 1140 2634 Arausicornm,
1164 2563 1312 2643 provincia
1335 2585 1400 2643 quae

449 2681 490 2720 ra.

352 2681 543 2817 lndddentius
557 2756 705 2825 diaconus,
720 2757 854 2837 Agapins
867 2757 1019 2827 exorcista,
1031 2778 1068 2817 ex
1082 2768 1169 2839 portu
1185 2758 1324 2818 Nicaensi.

354 2853 504 2914 Romanus
518 2855 677 2935 presbyter,
691 2854 798 2914 Victor
811 2855 964 2922 exorcista,
978 2854 1016 2915 de
1030 2854 1148 2914 civitate
1162 2854 1349 2933 Aptentinm.

666 3067 799 3127 naun
821 3068 881 3127 DE
904 3067 1087 3129 GALLIIS.

354 3178 573 3239 zimbetausius
589 3180 752 3259 episcopus,
774 3180 970 3261 Primigeniae
990 3182 1139 3251 diaconus.
1158 3182 1195 3243 de
1208 3182 1327 3243 civitae
1341 3182 1399 3242 ns-

394 3294 518 3334 morum.

354 3370 537 3433 ⁸Aritianus
558 3372 721 3453 episcopus,
740 3373 879 3435 Nicetius
898 3374 1046 3441 diaconus,
1068 3376 1105 3436 de
1125 3376 1244 3437 civitate
1263 3376 1404 3436 Rotom-

415 3488 538 3527 ensrnm.

355 3488 488 3625 Ecdicius
501 3566 663 3648 episcopus,
678 3564 853 3627 l’Amandus
866 3569 1026 3649 presbyter,
1045 3568 1239 3633 Philomatins
1253 3571 1403 3639 diawnns,

396 3660 433 3721 de
446 3663 565 3723 civitate
578 3663 901 3743 Augustodunensinm.

356 3757 484 3817 Voccins
493 3759 622 3834 (Vocius
632 3763 769 3820 Simoad.
785 3761 895 3822 Votius
910 3764 953 3822 ed.
971 3764 1101 3843 Matr-it.)
1113 3764 1276 3845 episcopus,
1290 3765 1406 3823 cPetu·

396 3852 474 3915 linus
486 3856 639 3925 exorcista,
655 3857 691 3918 de
705 3858 825 3918 civitate
839 3858 1091 3937 Lugdunensium.

389 4007 401 4038 Ι
414 4000 484 4048 Corn.
494 4000 616 4051 Crescens.
628 4000 723 4066 (Sixtua
734 4005 770 4052 ed.
783 4002 896 4067 Matr-it.)
982 4005 1033 4052 tau
1046 4003 1183 4063 Qniriscns.
1266 4017 1282 4047 u
1293 4008 1326 4055 al.
1337 4004 1408 4065 Quos

355 4079 470 4130 susara
479 4081 603 4145 spiscopus
612 4084 685 4134 misit.
793 4096 810 4125 ¹
822 4087 880 4135 Duo
892 4086 970 4135 MSS.
985 4084 1283 4153 ilorcsiua.(0rosinaed.
1295 4087 1408 4151 Matris)

357 4172 372 4209 r
385 4162 444 4209 MS.
456 4169 537 4211 norm
548 4164 589 4213 Ex
603 4164 758 4215 Paovxncra
768 4166 887 4215 Osanna,
899 4164 941 4230 (ex
953 4182 976 4229 p.
986 4166 1070 4215 Galliac
1079 4170 1116 4217 cd.
1126 4168 1239 4232 Mure.)
1300 4179 1407 4231 trupro,

356 4240 525 4292 Ambitausus.
688 4256 703 4286 Ι
713 4248 839 4297 Ausonius
856 4251 906 4297 siue
921 4248 1059 4297 Avidanna.
1075 4249 1225 4313 (avidianus
1241 4252 1276 4299 ed.
1296 4247 1408 4312 Matr-it.)

357 4321 370 4355 ὗ
381 4323 413 4371 al.
425 4324 589 4375 Amandinna.
705 4329 758 4376 ‘ad
773 4329 899 4379 Pitolinus.
915 4329 1037 4393 (Panum
1048 4329 1085 4380 ed.
1097 4330 1207 4392 Matrit)
