3242 5150
388 415 453 477 134
724 404 1102 470 ANNOTATIONES

389 603 448 646 eun
473 579 585 644 Οωισίύ.
604 580 659 643 bo.
681 601 712 663 p.
724 593 775 662 95.
799 576 920 662 primns
942 577 1066 650 Cenon,
1088 573 1141 658 qui
1164 574 1322 638 secerdoti
1342 575 1443 639 eemel

389 685 478 770 lapso
500 681 758 768 praedicationem
782 678 945 743 interdioit
967 677 1053 741 verbi
1076 677 1146 753 Dei,
1162 676 1267 741 utitur
1286 676 1443 741 vooebnlo

388 790 514 866 ὁμιλεῖν,
531 806 593 848 non
610 781 780 863 κηρύσσειν.
825 782 907 845 Tum
923 802 1000 844 vero
1013 802 1052 844 ex
1068 801 1157 844 more
1172 780 1309 844 eooloeiae
1323 781 1442 845 veteris

389 895 533 976 potentes
562 884 756 971 praedioeudi
782 906 839 947 eeu
864 883 1031 947 oonoiones
1059 882 1101 946 ad
1126 881 1277 966 populum
1302 882 1442 946 habendi

389 991 528 1062 maxime
547 989 697 1074 episeopo
715 987 948 1063 reservabatur,
964 987 1006 1049 ub
1025 1007 1064 1049 eo
1085 985 1244 1048 interdum
1261 1007 1332 1048 oum
1352 1007 1442 1070 pree·

389 1093 521 1178 tytanis,
537 1092 640 1156 rarius
655 1112 726 1155 oum
742 1089 894 1164 dieoonie,
910 1087 1151 1153 eommunioatn.
1186 1088 1337 1151 Ceterum
1350 1089 1443 1153 Matr

391 1197 467 1262 thaei
493 1193 648 1260 Blnsteris
668 1213 748 1274 opue
770 1213 791 1255 u
813 1190 835 1254 J
837 1190 950 1254 netelio
972 1196 1265 1265 commemoratum,
1279 1189 1443 1273 dieorepat

391 1300 433 1364 ub
448 1299 513 1374 illo,
530 1297 615 1382 quod
630 1297 661 1360 in
679 1294 830 1379 Synodion
844 1316 902 1357 euo
916 1293 1106 1377 Boveregine
1120 1313 1159 1355 ex
1174 1291 1294 1375 scripto
1308 1293 1418 1359 edidit.

437 1403 474 1466 P.
492 1422 559 1480 114.
577 1401 597 1462 l.
611 1403 642 1464 6.
658 1399 790 1477 κάματόν
804 1399 883 1481 τινα]
904 1396 963 1461 Ait
972 1398 1132 1459 Zonaras:
1151 1396 1336 1474 Προστίθησι
1351 1393 1375 1459 δ’
1393 1397 1442 1456 ε’ν-

391 1511 496 1578 ταῦθα,
512 1505 559 1567 ὅτι
577 1505 631 1566 έῖιυ
653 1509 715 1567 τοῖς
736 1505 914 1579 μετανοοΰσι
937 1497 1050 1564 τούτοις
1071 1499 1219 1560 ουνίθοιευ
1233 1497 1263 1559 o!
1284 1496 1443 1560 ἐπίσκοποι

392 1609 522 1688 πύματόν
542 1632 617 1672 τινα,
634 1603 781 1678 τούτεστι,
797 1603 891 1664 κόπου
906 1604 939 1663 έν
961 1605 996 1680 τῇ
1012 1606 1154 1683 μετανοίᾳ
1168 1603 1215 1663 διὸ
1234 1598 1289 1676 τὴν
1303 1601 1440 1677 ἄρνησιν,

391 1709 469 1788 ἣότι
484 1707 694 1788 συντριβέντες
709 1708 756 1769 διὰ
778 1705 813 1766 τὸ
834 1702 998 1784 ἁμάρτημα,
1015 1702 1267 1782 ἐταπεινώθησαν,
1283 1702 1331 1764 καὶ
1350 1703 1442 1785 πρᾳό-

391 1837 463 1889 τητα
480 1810 652 1888 ἐκτήσαντο,
669 1814 730 1873 τοῖς
745 1810 818 1873 ἴσως
832 1805 931 1870 αὐτοῖς
944 1805 1118 1878 ὀνειδίζουσι
1132 1803 1184 1866 τὸν
1201 1805 1328 1866 ὄλισθον
1341 1802 1443 1886 πρᾴως

393 1913 441 1975 καὶ
455 1912 529 1989 μετὰ
544 1909 751 1973 ταπεινώσεως
765 1908 1016 1987 προσφερόμενοι,
1032 1904 1101 1967 ἁλλ’
1117 1906 1152 1968 ού
1162 1907 1378 1985 θρασυνόμενοι
1393 1908 1443 1968 καὶ

392 2011 506 2077 τούτοις
521 2011 786 2091 έμπιιιροινόμευοι,
805 2009 853 2072 καὶ
867 2007 1003 2070 ἐθέλοιεν
1018 2005 1174 2072 ἐπίσκοποι
1188 2007 1238 2088 ὑφ’
1254 2009 1305 2074 obs
1318 2012 1443 2071 τελοῦσι

393 2113 488 2175 πλέον
503 2137 531 2174 τι
547 2117 605 2173 τῶν
619 2112 699 2189 παρὰ
714 2114 748 2188 τῇ
764 2111 879 2192 συνόδῳ
895 2109 1081 2189 ὡρισθέντων
1091 2110 1188 2175 αὐτοῖς
1201 2107 1379 2189 παρόσχειυ,
1392 2112 1442 2172 διὰ

392 2215 446 2294 τὴν
462 2218 511 2291 τῆς
523 2214 681 2291 μετανοίας
695 2213 869 2290 θερμότητα,
884 2210 903 2288 ἢ
919 2213 1047 2292 ἀφελεῖν
1067 2235 1095 2273 τι
1115 2217 1173 2272 τῶν
1187 2210 1385 2290 ὦρισθέυτωυ,
1402 2214 1443 2277 ὣς

392 2317 432 2396 μὴ
452 2316 580 2398 γνησίως
601 2314 695 2376 αιἰτῶυ
715 2312 972 2392 μεταμελομένων,
992 2315 1065 2390 μηδὲ
1082 2314 1328 2391 ταπεινουμένων·
1348 2319 1443 2376 ταῦτα

393 2422 428 2506 τῇ
454 2417 574 2502 ἐξουσίᾳ
596 2421 654 2479 τῶν
677 2414 848 2479 ε’πισκόπωυ
870 2417 1045 2492 ἀνατίθησιν
1067 2416 1083 2476 ὁ
1111 2416 1217 2490 κανὼν,
1242 2417 1290 2477 καὶ
1315 2419 1351 2502 τῇ
1376 2421 1440 2478 δια-

393 2523 488 2603 κρίσει
504 2522 607 2586 αὐτῶν.
632 2519 782 2601 ἆυόγυωθι
798 2520 846 2583 καὶ
865 2518 919 2581 τὸυ
939 2516 988 2581 ια’.
1013 2519 1124 2580 κανόνα
1146 2520 1197 2596 τῆς
1216 2517 1329 2599 πρότης
1347 2520 1443 2582 οἰκου-

391 2628 511 2704 μευικῆς
522 2625 659 2687 συνόδου.

793 2814 947 2882 GANON
971 2815 1040 2878 111.

439 2926 518 2989 ibid.
535 2926 556 2989 l.
572 2948 620 2991 10.
636 2926 653 3005 ἢ
668 2927 726 2989 ὑπὸ
741 2929 857 2990 οίιιείωυ
877 2924 1114 3009 παραδοθέντας]
1132 2924 1252 3008 Agitur
1270 2924 1355 2988 inter
1374 2924 1443 2989 haeo

392 3028 433 3091 de
459 3027 528 3099 illie,
556 3028 608 3111 qui
635 3036 797 3091 certamen
820 3028 904 3091 haud
928 3049 986 3092 sun
1012 3034 1126 3111 eponte
1152 3026 1299 3091 inierunt.
1354 3026 1443 3091 Vooe

391 3136 500 3193 nutem
516 3132 625 3207 ἄλλως,
642 3152 737 3213 quum
754 3130 865 3194 Latini
885 3131 1076 3214 interpretes
1092 3128 1259 3205 omittunt,
1273 3128 1442 3214 significari

393 3231 519 3295 videtur
532 3230 633 3294 inlata
647 3230 710 3293 ulio
725 3231 835 3315 quovis
851 3232 945 3295 modo
961 3232 1115 3294 bonorum
1129 3230 1324 3294 oouiieoutio.

439 3334 519 3396 lbid.
537 3332 557 3396 l.
576 3353 582 3394 ι
591 3353 621 3418 3.
638 3334 883 3417 περισχεθέντας]
905 3334 970 3397 Pro
985 3332 1104 3418 vulpoto
1118 3333 1369 3416 περισχισθέντας
1382 3333 1445 3397 hoo

393 3434 626 3517 περισχεθέντας
654 3434 757 3519 recepi
787 3456 828 3498 ex
856 3435 941 3499 codd.
969 3435 1063 3499 Bodl.
1082 3439 1133 3499 τό.
1156 3444 1190 3499 et
1219 3438 1288 3520 158.
1311 3446 1346 3500 et
1368 3440 1443 3520 625.

392 3536 416 3599 J
418 3557 521 3599 oenoe
542 3536 692 3600 Antiooh.
713 3536 747 3599 in
765 3536 939 3601 Collectiouo
959 3539 1124 3612 θαιιουυνυ,
1147 3537 1327 3621 Latineque
1341 3539 1444 3601 Inter-

387 3640 558 3723 pretotione
574 3638 718 3723 Dionysii
740 3638 870 3723 Exigni,
886 3660 957 3723 quae
977 3638 1082 3715 habet,
1098 3649 1125 3701 u
1143 3661 1174 3702 νο
1192 3661 1283 3723 mque
1302 3640 1445 3703 οόωτίατιῗ

392 3752 471 3817 νυνι,
497 3742 676 3805 isidoriana
697 3741 818 3816 itidem,
834 3740 866 3803 in
889 3763 953 3825 que
977 3749 1078 3814 extat,
1093 3743 1243 3826 perditori.
1283 3743 1385 3805 Porro
1407 3751 1445 3806 ut

394 3845 520 3908 varians
536 3844 629 3907 lentio
644 3845 777 3907 edbrtur
791 3845 832 3907 ud
848 3865 938 3908 orem
952 3843 1136 3908 Juetellieni
1154 3845 1273 3909 Codice
1288 3847 1445 3909 anooum

394 3944 540 4009 Eooleeice
562 3946 655 4009 Unio.
671 3954 768 4030 utque
790 3946 966 4009 editionum
991 3945 1121 4010 Lnbbaei
1145 3954 1178 4010 et
1195 3945 1354 4010 Hurdnini
1371 3948 1445 4009 Ooo-

393 4047 542 4123 or'liorum,
567 4048 795 4131 comprobante
818 4069 890 4111 eum
910 4047 1078 4111 Jobneono
1102 4049 1143 4112 ud
1164 4048 1331 4133 Anglionm
1354 4070 1444 4112 enum

396 4152 553 4213 Οατιυτιυυι
587 4149 766 4213 Vereiouem.
810 4151 954 4214 Zonuree
980 4173 1053 4214 vero
1078 4151 1213 4215 ultorum
1239 4151 1358 4215 invenit
1383 4151 1445 4215 loo·

394 4250 523 4323 tionem,
540 4249 592 4335 qni
609 4248 708 4333 ipsam
725 4251 771 4314 itu
789 4253 1020 4337 interpretetus
1035 4252 1446 4334 εεῐ-καὶπερισχισθέντας

394 4354 461 4419 τοὺς
483 4354 611 4435 χίτωνας
635 4354 681 4415 καὶ
704 4354 920 4433 γυμνωθέντος.
968 4354 1076 4420 Habet
1093 4374 1201 4421 tumen
1220 4356 1287 4441 ipso
1305 4357 1337 4418 in
1352 4354 1445 4419 Gom·
