3242 5150
387 404 545 470 enses
568 407 703 471 Aeon
727 408 1063 474 senonenses.
1183 413 1249 480 ιιι
1341 399 1345 408 ’

202 580 222 610 “
238 573 450 641 eontinentur.
466 597 531 640 non
545 585 595 643 est
609 578 738 642 bonum.
782 577 873 644 Dieit
887 579 972 644 enim
986 579 1160 645 Dominus:
1179 579 1250 645 ise

201 691 222 722 ‘⁴
238 695 354 750 evolso
372 685 665 765 condemnatoriam
683 709 721 753 sn
737 709 789 753 oro
807 697 859 754 tuo
871 688 1119 774 justifiesllm's!⁸
1163 690 1250 754 Item

199 795 263 859 olio
276 796 423 861 reeitntn
465 805 483 834 ‘⁶
494 797 622 864 Silvano
635 795 729 865 fratri
748 800 912 866 onrissimo
927 800 1037 866 Fortis
1055 801 1088 865 in
1110 799 1251 864 Domino

198 914 222 946 “
237 915 393 974 aeternsm
407 909 552 974 salntem.
582 912 678 976 Venit
692 913 734 977 nd
749 932 801 976 me
815 911 898 977 filins
912 919 1023 978 noster
1034 911 1251 976 Nundinerius

201 1022 222 1055 “
236 1017 397 1095 dinoonm,
412 1025 447 1083 et
466 1019 577 1084 retulit
596 1041 635 1084 en
649 1041 720 1106 qnoe
738 1020 824 1087 inter
843 1027 929 1086 teet
947 1020 1035 1087 illum
1048 1021 1251 1108 eontigerunt

201 1131 221 1161 “
235 1146 293 1211 per
311 1126 448 1191 malivoli
468 1126 686 1206 interoessum,
703 1126 756 1212 qni
771 1127 841 1192 vult
857 1127 980 1192 enimes
991 1129 1151 1213 justorum
1165 1151 1186 1193 n
1199 1129 1251 1195 vin

200 1241 220 1270 “
234 1234 379 1300 venitntis
402 1242 556 1301 evertere.
601 1236 682 1301 oum
706 1236 775 1301 haee
800 1237 953 1315 audirem,
979 1244 1086 1302 mente
1108 1237 1251 1303 desectus

200 1352 222 1385 “
236 1367 318 1424 snm,
331 1347 416 1432 qnod
436 1346 512 1412 telis
531 1347 685 1411 dissensio
700 1349 785 1414 inter
803 1369 861 1413 vos
880 1348 977 1412 venit.
1021 1347 1083 1412 Dei
1101 1349 1184 1412 enim
1199 1370 1249 1413 so·

199 1464 222 1496 “
236 1459 348 1522 oerdos
362 1464 400 1523 ut
420 1459 463 1525 sd
481 1458 543 1522 hoe
556 1458 664 1524 veniat
681 1459 767 1544 qnod
787 1481 852 1523 non
872 1459 964 1524 nobis
979 1459 1137 1545 expedint,
1155 1459 1247 1526 *fiet

200 1573 221 1604 “
235 1567 329 1632 Nune
350 1589 427 1654 ergo
451 1567 552 1653 petite
577 1589 649 1633 eum
671 1580 718 1646 ut,
741 1569 826 1655 quod
852 1576 970 1654 potest,
994 1591 1066 1635 eum
1091 1570 1160 1656 ipso
1186 1593 1249 1656 pex

201 1684 222 1717 “
237 1676 367 1742 Domini
395 1677 563 1743 salvatoris
593 1678 717 1742 Christi
744 1678 796 1743 sit.
842 1677 916 1743 Non
942 1680 985 1746 sd
1012 1679 1173 1762 publieum
1198 1703 1250 1744 ve·

199 1794 223 1826 “
236 1787 362 1852 ninmns
380 1795 415 1854 et
437 1810 458 1854 n
478 1788 626 1875 gentibus
648 1788 845 1853 dsmnemnr.
891 1787 1053 1875 Seriptnm
1076 1795 1126 1854 est
1147 1789 1249 1854 enim:

201 1895 244 1936 “¹
260 1897 663 1976 Vidaomdsmmordaen,
679 1899 941 1963 stmvsmninie'n
957 1897 1151 1977 vemat
1169 1899 1250 1964 insi,

200 2014 293 2073 “som
314 2009 542 2073 sommantio&
586 2007 676 2095 Ergo
698 2014 776 2095 peto
795 2007 969 2072 Dominum
991 2014 1030 2074 ut
1053 2008 1187 2074 tolletur
1209 2009 1250 2073 de

198 2125 221 2156 ‘⁴
237 2117 342 2182 medio
360 2125 505 2183 nostrum
527 2117 588 2182 hoe
610 2118 804 2196 mandalum,
828 2125 866 2183 ut
887 2119 990 2206 pessit
1011 2139 1063 2183 ree
1088 2119 1152 2184 Dei
1177 2141 1249 2184 oum

200 2234 220 2264 “
233 2227 411 2313 gratiarum
434 2228 563 2293 notione
584 2228 748 2305 oelebrnri,
775 2227 915 2293 Domino
933 2227 1076 2294 dieente:
1102 2231 1250 2294 mPossm

199 2336 862 2423 “momdeoebisfflooommoomrelinqno
876 2335 967 2402 sodis.
1013 2337 1092 2419 Quae
1109 2359 1173 2424 pex
1193 2360 1248 2424 po·

199 2455 221 2486 “
235 2448 312 2513 terit
327 2468 396 2512 esse
410 2447 464 2511 ubi
480 2446 633 2512 dissensio
648 2454 683 2513 et
696 2447 915 2513 aemulntiones
929 2449 1024 2512 sunt!
1052 2448 1163 2513 'Nom
1177 2470 1249 2513 eum

201 2555 445 2643 “egonmilite
458 2577 627 2622 ennemase
645 2605 898 2624 ..................
915 2563 1083 2644 seperatus
1097 2564 1131 2623 et
1148 2557 1181 2622 in
1195 2557 1249 2624 illo

199 2674 222 2705 “
236 2667 401 2744 venissem,
431 2688 503 2731 oum
531 2666 648 2752 injuris
677 2668 745 2747 teli,
772 2669 845 2733 Deo
870 2668 1085 2733 sommendnvi
1110 2668 1249 2732 animem

201 2784 221 2815 “
236 2797 351 2855 meam,
365 2782 399 2842 et
416 2775 523 2841 remisi
544 2775 615 2855 tibi,
635 2777 710 2862 quin
729 2777 819 2843 Deus
836 2777 923 2843 videt
941 2783 1064 2843 mentes
1086 2777 1249 2842 hominum

201 2894 221 2926 “
235 2895 270 2953 et
284 2909 404 2966 eorum,
420 2888 486 2953 sive
499 2910 520 2953 n
533 2895 568 2953 te
583 2889 626 2955 sd
639 2888 710 2953 illos
725 2889 898 2974 perduetns
912 2909 993 2965 sum,
1009 2887 1064 2953 sed
1084 2886 1176 2953 Deus
1191 2909 1250 2952 nos

200 3005 220 3035 “
234 2997 391 3074 liberavit,
405 3004 440 3062 et
453 3003 560 3063 tecum
579 2998 743 3064 servimus.
787 2998 888 3083 Ergo,
904 2998 996 3063 sieuti
1015 2997 1179 3063 dimissum
1199 3006 1249 3063 eet

198 3114 220 3145 “
234 3106 336 3185 nobis,
359 3113 393 3172 et
413 3128 471 3172 vos
490 3107 736 3173 reooneilismini
757 3108 841 3193 pnei,
863 3112 901 3172 ut
922 3106 956 3170 in
976 3107 1104 3172 nomine
1130 3106 1249 3172 Ohn'sti

198 3224 220 3255 “
236 3216 394 3304 possimus
407 3237 478 3281 oum
490 3217 609 3302 gaudio
622 3230 761 3303 npeeem
771 3215 942 3282 eelebrare.
976 3218 1081 3281 Nemo
1095 3214 1245 3281 seint.”...

199 3334 222 3365 “
237 3325 408 3391 Frntsibus
421 3332 456 3391 et
475 3326 559 3405 liliis,
575 3327 659 3391 elero
678 3332 713 3391 et
731 3326 919 3407 senioribus,
935 3326 1043 3391 Fortis
1063 3325 1096 3389 in
1110 3325 1249 3391 Domino

198 3444 220 3474 ‘⁶
235 3445 390 3502 setemnm
404 3437 549 3502 salntem.
594 3437 690 3503 Venit
703 3437 746 3504 ed
761 3459 812 3502 me
826 3436 911 3501 filins
929 3458 1018 3502 meus
1032 3436 1249 3502 Nundinnriue

200 3554 222 3586 “
236 3548 388 3613 diaeonus
407 3554 525 3626 vester,
538 3554 573 3613 et
591 3548 724 3614 vetulit⁰
745 3550 786 3613 de
806 3570 847 3613 ee
869 3569 940 3633 quse
962 3556 1075 3613 eontrn
1096 3569 1152 3613 vos
1173 3554 1249 3613 sunt

200 3664 220 3695 ‘⁴
233 3667 346 3743 gestem
369 3679 493 3723 neenon
507 3659 618 3745 utique
631 3680 653 3723 n
666 3659 756 3724 vobis
769 3659 881 3724 debuit
895 3659 1051 3744 oomponi‚
1063 3679 1105 3723 ne
1119 3664 1249 3724 ventum

199 3776 219 3806 “
233 3775 318 3834 esset
331 3774 369 3834 nt
380 3769 479 3834 telem
489 3769 645 3834 insaniam
658 3768 754 3857 pessi,
769 3778 813 3833 ¹’n
827 3766 942 3853 quibus
956 3766 1177 3855 lapidarentur
1190 3789 1249 3853 pro

233 3971 451 4035 ιιιιιιιιιιιῃ.
525 3970 836 4038 densescente)
908 3973 1072 4036 menen.
1138 3972 1248 4022 nsua.

198 4052 248 4101 xiv.
261 4062 300 4114 ²7.
417 4054 487 4114 'son
498 4053 596 4117 paseha,
606 4060 635 4103 nl
644 4056 721 4117 infre,
733 4054 825 4103 sonu.
951 4064 967 4095 0
978 4052 1044 4117 (for.
1055 4053 1138 4103 retulit
1147 4068 1183 4113 n,
1194 4069 1248 4116 qum

199 4133 324 4183 intervos.
358 4133 552 4197 Videnpnlin.
563 4133 599 4199 5.)
720 4136 793 4196 eser.
805 4136 951 4199 egentibus
964 4135 1152 4201 (Vid.suprset
1163 4132 1249 4197 infre.)

231 4269 649 4334 ‘Uarumquemtesdillm
661 4260 1247 4334 nummumquomm'spsolemutpsvti·

200 4350 493 4414 ΜΜΜΒΜ
