3242 5150
384 411 448 473 2920
470 403 705 472 JUSTELLI
729 403 794 468 ΕΤ
819 401 1084 468 BEVEREGII
1110 401 1392 467 ΑΝΝΟΤΑΤΤ.

384 582 427 640 Et
441 579 573 640 Trullsn.
589 599 652 637 nan.
666 595 714 653 74.
756 577 806 636 Sin
820 587 851 635 et
864 575 943 655 apud
963 575 1124 633 Eusebium
1142 575 1277 653 legimus,
1291 579 1333 632 net
1345 579 1377 632 sd
1390 597 1449 630 εν..

381 683 456 754 proed
476 682 504 736 δι’
524 681 558 735 rd
578 680 658 736 alseio
678 677 748 735 ὅποι
768 677 990 746 ιαεασκειιόζοιεν,
1011 676 1195 747 ονγχοριῖται.
1219 671 1329 730 Euseb.
1348 671 1432 730 Eud.

384 775 464 834 Hist.
479 774 529 832 lib.
540 775 581 831 ix.
596 792 659 852 cap.
672 791 718 830 10.
761 771 823 842 Qui
843 770 913 829 slibi
935 770 1024 830 stiam
1039 769 1181 828 sotionem
1198 767 1291 844 bujus
1308 766 1432 826 nominis

382 873 428 932 his
449 873 544 931 verbis
565 869 671 938 reddit,
687 874 742 944 lspd
762 873 803 925 sni
823 872 915 940 τεμένη
929 870 967 924 eri
979 873 1017 943 τῷ
1031 869 1135 924 κόπον
1146 867 1258 932 βασιλεῖ
1274 865 1333 942 θεᾷ
1348 866 1431 940 εᾷθι)

384 974 425 1027 rol
439 978 491 1027 τῶν
505 969 574 1026 ὅλοιν
587 971 703 1038 δεσπότῃ
714 969 896 1041 καθιερῶσθαι·
917 969 990 1024 ἔνθεν
1002 968 1045 1022 rui
1061 967 1109 1034 rip
1127 969 1175 1020 τοῦ
1188 966 1321 1020 δεσπότου
1332 985 1431 1036 προση-

384 1071 475 1142 γορίαι
488 1067 593 1139 ἠξίωται
602 1068 635 1122 rd
647 1065 827 1138 καθιερωμένα·
842 1066 890 1118 οὒκ
899 1064 1079 1136 dempster
1088 1065 1200 1133 τνχθηα
1209 1064 1257 1131 ris
1265 1061 1429 1132 ε’πιιλῆοεοι,

383 1166 414 1236 ἐξ
427 1166 507 1220 αὐτοῦ
521 1164 549 1219 δὲ
563 1167 611 1219 τοῦ
623 1169 675 1218 res
692 1161 762 1216 ὅλοιν
776 1162 873 1234 κυρίου,
887 1164 958 1234 παρὸ
969 1162 1010 1216 rui
1026 1165 1151 1233 ευριακόν
1163 1157 1285 1230 illaesas
1302 1164 1355 1213 τὸν
1367 1160 1430 1214 lsa-

385 1265 489 1329 νομιῶν.
513 1259 558 1317 ld.
579 1259 616 1317 de
635 1257 730 1316 Laud.
746 1257 900 1315 Constant.
914 1277 978 1335 asp.
994 1271 1040 1329 17.
1083 1255 1164 1314 Hine
1183 1255 1283 1314 latini
1304 1253 1429 1314 Domini·

386 1377 448 1414 mem
470 1355 671 1435 appellarunt:
695 1364 729 1412 ut
751 1353 830 1432 apud
853 1353 1014 1420 Rufflnum,
1032 1352 1136 1430 Surge,
1150 1361 1177 1410 el
1195 1373 1313 1432 sequere
1332 1373 1376 1412 ne
1392 1353 1431 1410 sd

385 1451 576 1519 Dominicunu
585 1459 611 1509 et
626 1450 712 1524 lrnjns
719 1449 793 1527 fidei
800 1449 980 1528 signaculum
993 1447 1117 1526 suscipe.
1134 1449 1243 1508 liuffin.
1256 1449 1338 1509 Hist.
1351 1448 1431 1508 iib.i.

385 1567 448 1624 cap.
461 1565 489 1623 3.
532 1547 575 1605 Et
589 1546 666 1626 apud
684 1547 898 1626 Hieronymum
913 1547 944 1603 in
962 1545 1117 1611 Chronico,
1131 1545 1168 1604 ad
1185 1565 1294 1604 annum
1313 1547 1431 1606 tertium

387 1643 506 1723 Olymp.
521 1642 588 1718 276.
622 1643 659 1700 In
671 1642 823 1701 Antiochia
835 1641 1025 1709 Dominum,
1038 1641 1112 1720 qsod
1121 1642 1430 1721 ορρεθὶοιιινθιινειιι,

386 1741 525 1819 edificari
552 1747 669 1818 copim
680 1761 694 1806 ,·
725 1751 757 1799 et
789 1739 826 1797 ad
853 1737 1013 1798 secundnm
1038 1737 1157 1818 Olymp.
1176 1741 1244 1797 alio.
1280 1737 1434 1798 Antiochi:

388 1837 570 1896 Dominicum
597 1838 722 1895 Aureum
747 1836 906 1894 dedicatur.
951 1835 997 1893 De
1020 1835 1080 1894 isto
1102 1834 1257 1893 Dnmiuioo
1280 1833 1323 1893 sic
1346 1833 1431 1892 etiam

387 1932 539 1992 Cedrenns
556 1953 592 1991 ex
613 1933 792 2011 Theophane
806 1938 843 2008 τῷ
861 1934 909 2007 ιγ’.
923 1936 964 1990 ael
985 1929 1018 1990 d.
1032 1936 1074 1989 sni
1086 1933 1117 1989 ε’.
1132 1935 1184 1988 less
1199 1935 1232 1988 sd
1250 1933 1278 1988 in
1290 1931 1433 2004 Ἀπιοχιίῃ

385 2029 532 2103 θιιτθγαιιον
558 2031 677 2100 κυριακὸν
703 2033 798 2100 ἤρξατο
827 2033 1028 2102 οἰκοδομεῖσθαι.
1074 2029 1125 2087 ΑΙ)
1149 2028 1250 2088 eodem
1278 2039 1376 2088 atttetn
1402 2039 1433 2086 et

386 2127 509 2199 Kvpsnsol
523 2124 717 2203 appellantur,
728 2126 778 2183 ubi
794 2126 875 2194 dicit,
886 2131 947 2183 τότε
959 2130 1069 2199 eadmeri
1079 2128 1272 2183 termonem
1281 2127 1343 2183 rste
1355 2127 1433 2182 illm

386 2225 479 2281 naidas
493 2225 635 2295 Καίσαρος,
647 2225 688 2278 sni
706 2227 825 2296 rupsosdr
836 2227 902 2296 πρὸς
920 2226 1084 2299 ἐπιστροφὰς
1096 2229 1148 2278 ees
1165 2224 1246 2278 tor&
1258 2224 1322 2278 med
1339 2225 1434 2280 τόποι

386 2325 423 2380 eis
440 2321 516 2392 τιμὴν
533 2323 580 2376 τοῦ
599 2325 667 2376 Θεοῦ
684 2325 776 2376 ποιεῖν.
822 2321 863 2379 Et
883 2321 1001 2398 quidem
1023 2322 1085 2380 luet
1106 2319 1163 2378 Dei
1184 2319 1278 2378 cultui
1297 2331 1329 2378 et
1348 2320 1433 2378 tuerit

387 2417 533 2496 mysteriis
547 2415 724 2476 celebrandis
742 2417 886 2484 dedicata,
901 2439 918 2476 a
933 2437 1046 2476 summa
1059 2417 1234 2494 antiquitate
1247 2420 1360 2492 εοριαια,
1374 2418 1435 2475 sive

387 2512 539 2573 Dominicn
559 2513 707 2573 nominstu
728 2515 829 2584 luisse,
844 2535 881 2575 ex
903 2517 940 2575 D.
952 2515 1100 2595 Cypriane
1117 2513 1289 2593 oolligimus,
1308 2513 1435 2579 dissuta,

390 2613 426 2669 lii
439 2610 618 2671 Dominicum
629 2612 773 2671 celebrare
783 2622 811 2671 le
821 2612 927 2680 eredis,
939 2630 1001 2691 quer
1010 2611 1159 2670 norbanum
1169 2613 1282 2671 omnino
1293 2612 1431 2692 rupicis.-

388 2728 448 2790 quoe
468 2712 497 2767 in
519 2708 700 2768 Dominicum
721 2710 784 2769 sine
801 2710 942 2785 sacrficio
960 2709 1047 2767 οοιιίι.
1090 2709 1229 2787 Cyprias.
1244 2709 1282 2767 de
1297 2729 1385 2788 opere
1403 2720 1435 2767 et

388 2807 564 2886 eleemosyn.
577 2806 625 2864 ubi
641 2826 698 2863 vox
714 2806 892 2865 dominicum
904 2806 935 2863 in
945 2805 1034 2885 priori
1049 2803 1113 2862 loeo
1129 2804 1307 2864 Dominisom
1321 2824 1434 2873 οοιιααι,

388 2904 418 2959 in
440 2903 591 2980 posteriori
610 2902 788 2961 Dominirom
809 2904 919 2961 θοοιιιιιι
940 2913 1041 2981 aperte
1059 2901 1210 2979 significet.
1252 2902 1329 2973 Qus
1346 2901 1434 2961 οιὶααι

387 3000 416 3055 in
432 2998 523 3056 veteri
536 2998 725 3057 Testamenta
739 3014 811 3060 run*
829 3014 884 3059 ινα
901 2998 1135 3059 DomurDoms'ni
1145 2998 1251 3077 passim
1261 2998 1434 3077 appellatur.

388 3094 415 3151 A
432 3094 546 3151 Latinis
561 3094 700 3152 Germani
715 3095 860 3153 basilicam
876 3096 1008 3172 quumvis
1021 3094 1275 3153 autoatbedrelem
1285 3094 1434 3155 eeclesiam

387 3190 462 3249 Dona
485 3200 599 3254 vocant.
623 3200 653 3247 et
676 3192 830 3251 canonicos
847 3212 945 3249 esrum
965 3192 1152 3252 Domierren.
1195 3191 1371 3271 etquidem
1390 3216 1433 3249 es·

385 3288 475 3359 ριακὸν
496 3285 583 3343 talem
603 3287 751 3345 ecclesiam
774 3289 891 3367 proprie
913 3288 1051 3349 denotare
1075 3290 1191 3349 ridetur
1210 3291 1324 3349 dommo
1347 3291 1436 3349 tertio

389 3382 499 3462 Synodi
516 3382 758 3445 Neocoessriensis
778 3407 898 3457 canone,
912 3407 973 3464 quo
991 3399 1109 3445 cantum
1128 3399 1181 3457 est,
1198 3408 1234 3447 na
1248 3388 1341 3446 unani
1355 3408 1434 3467 pres·

386 3481 481 3560 byteri
501 3481 547 3537 Ἐν
561 3488 600 3558 τῷ
619 3489 728 3561 nupsere
747 3488 793 3555 τῆι
812 3490 915 3543 πόλεως
928 3485 1062 3551 offerant,
1076 3484 1100 3542 si
1114 3485 1267 3563 episeopus
1284 3494 1336 3542 snt
1355 3504 1435 3563 pres·

389 3578 483 3656 byteri
508 3578 634 3638 civitatis
657 3581 762 3640 adsint.
806 3581 894 3639 Hanc
921 3582 1024 3640 saltem
1049 3601 1148 3639 vocem
1176 3593 1211 3640 ut
1235 3581 1380 3641 σοοίεειιιοι
1404 3582 1435 3639 in

387 3694 492 3753 genere
514 3676 722 3753 significantem
749 3679 798 3737 ulii
819 3680 957 3737 Germani
981 3700 998 3736 a
1021 3678 1130 3736 Grecis
1151 3680 1278 3737 mutuati
1299 3690 1378 3745 sunt,
1401 3690 1436 3737 ut

389 3772 474 3831 docet
490 3772 671 3832 Wulairidus
685 3776 788 3833 Strabo
804 3776 840 3834 de
856 3775 930 3833 Reb.
945 3773 1055 3833 Eccles.
1075 3794 1139 3853 cap.
1151 3792 1177 3850 7.
1220 3776 1270 3834 Sic
1282 3776 1367 3833 etiam
1383 3795 1434 3832 sn·

389 3870 463 3946 tiqui
479 3870 609 3929 Saxones
623 3872 770 3930 ecclesium
784 3872 944 3949 quamlibet
959 3874 1050 3951 Cypro
1063 3873 1157 3953 Kyrilr
1169 3884 1318 3931 vocarunt.
1349 3871 1435 3929 Unde

390 3966 419 4023 in
446 3966 546 4025 Sentis
571 3978 601 4025 et
626 3970 907 4046 septentrionalibus
927 3970 1042 4049 Angliae
1066 3970 1198 4050 partibus
1226 3970 1324 4048 Kyrlr,
1352 3969 1436 4027 nobis

390 4062 488 4141 vulgo,
503 4062 553 4121 sed
576 4065 667 4141 magis
687 4078 824 4145 corrupto
846 4068 963 4125 nomine
987 4068 1113 4133 Clurcle,
1130 4066 1238 4147 duplici
1260 4068 1436 4145 aspiratione

389 4166 584 4236 nuncupatur.
628 4161 702 4218 Cum
718 4174 814 4221 autem
835 4166 897 4222 buo
915 4166 1076 4224 communis
1096 4163 1187 4223 luerit
1205 4164 1363 4241 majoribus
1383 4185 1436 4221 no·

391 4254 459 4313 stris
480 4253 607 4315 ecclesie
629 4257 784 4335 cujuslibet
799 4260 938 4341 templive
952 4260 1158 4330 denominatio,
1174 4262 1234 4319 veri
1252 4262 1335 4319 nobis
1347 4260 1438 4318 simil·

390 4348 492 4409 limum
507 4349 632 4422 videtur,
647 4354 739 4433 prima
755 4356 926 4417 Christiane
940 4357 1089 4436 religionis
1106 4359 1216 4417 semina
1234 4358 1375 4416 aGroesis
1389 4357 1437 4415 hic
