3242 5150
315 414 366 478 ΙΝ
390 411 645 478 ANCYRANI
670 411 886 477 CONClLll
912 413 1139 479 CANONES.
1185 414 1250 482 14?

200 597 253 650 ace
260 584 443 672 presbyteria
457 584 599 656 οἱοὶιοιιῗι,
614 584 677 647 sirie
691 593 843 670 precepto
857 585 996 669 episcopi,
1018 584 1064 647 ccl
1079 585 1199 662 lituris,
1214 585 1248 648 ιἰι

202 709 382 774 unoquoque
392 687 550 774 parochia.

247 789 407 874 Principio
430 789 527 873 igitur
549 787 581 851 id
605 795 751 852 notatum
776 787 878 864 velim,
901 809 1010 852 omnes
1033 788 1086 872 qui
1109 788 1249 873 partium

202 901 278 958 sunt
293 892 602 978 presbyterenerum
616 910 688 953 cum
703 890 859 954 Selmcsio
873 890 1014 975 ipsorum
1028 891 1246 976 antesignano.

203 995 300 1058 verbe
315 995 431 1058 Graeeu
446 995 513 1056 sine
527 991 581 1055 illo
597 991 789 1056 Latinorum
803 992 1033 1070 additamento,
1050 994 1134 1077 quod
1150 993 1248 1058 Beve-

203 1096 308 1182 regius
321 1101 449 1160 tutatus
463 1101 525 1170 est,
541 1093 674 1179 legende
688 1115 757 1157 esse
772 1100 933 1170 statuere;
956 1095 989 1157 in
1004 1116 1067 1180 que
1078 1095 1204 1179 quidem
1215 1118 1251 1159 re

203 1220 254 1263 me
269 1197 329 1262 sibi
344 1195 594 1262 consentientem
613 1195 729 1260 eruditi
750 1195 803 1260 isti
822 1196 993 1280 scriptores
1012 1197 1141 1262 habent.
1187 1197 1251 1262 Sed

203 1321 348 1387 quaensm
371 1299 487 1363 verbe!
513 1298 563 1364 Ee
584 1297 727 1382 profecto
747 1298 865 1362 debent
886 1321 964 1372 esse,
981 1321 1052 1384 quae
1072 1309 1107 1364 et
1129 1308 1252 1364 veteres

203 1403 337 1480 codices,
352 1408 490 1468 streete
509 1401 593 1464 ratio
611 1400 702 1465 nobis
722 1401 933 1465 commendet.
978 1401 1018 1464 ln
1032 1403 1136 1466 verbis
1154 1402 1253 1486 igitur

203 1505 344 1571 (lenonis
358 1504 525 1590 prioribus,
543 1505 791 1584 Χορεπισκόποιις
806 1503 869 1585 (vel
880 1502 983 1567 verius
994 1507 1251 1586 Χορεπισκόποις)

202 1611 243 1690 μὴ
259 1612 368 1688 ἐξεῖναι
378 1605 599 1690 πρεσβυτέρους
613 1603 631 1684 ἦ
646 1607 799 1671 διακόνους
810 1611 1004 1687 χειροτονεῖν,
1017 1607 1099 1669 ἀλλὰ
1108 1608 1168 1687 μὴν
1180 1608 1253 1691 (μὴν

203 1713 297 1777 codd.
318 1719 352 1776 et
374 1710 515 1774 loannes
537 1707 759 1771 Antiochense
781 1707 920 1789 addunt)
940 1710 1014 1786 μηδὲ
1032 1709 1252 1789 πρεσβιπέρους

202 1816 329 1888 πόλεως,
351 1812 548 1877 verissimum
568 1817 628 1883 est,
644 1809 730 1893 quod
751 1809 890 1874 effinnat
905 1809 1104 1894 steregius,
1120 1817 1253 1890 πρεσβυ-

203 1915 305 1996 τέρους
319 1919 444 1987 πόλεως,
460 1935 524 1978 non
539 1913 624 1997 quod
639 1912 745 1996 posuit
761 1911 944 1984 Salmasius,
960 1909 1015 1975 lib.
1030 1913 1081 1975 Dc
1094 1911 1253 1997 Episcopi

203 2026 233 2080 et
257 2015 455 2100 Pmlfleris,
481 2037 554 2101 png.
572 2035 647 2100 304.
673 2014 888 2094 πρεσβυτέροις
912 2041 944 2080 π.
969 2021 1157 2099 perpetuam
1182 2037 1252 2079 esse

203 2120 298 2206 hujus
318 2120 378 2184 loci
400 2121 566 2186 lectionem
577 2145 587 2197 ;
609 2121 699 2204 cujus
717 2121 763 2185 rei
777 2118 969 2186 testimoniis
985 2119 1054 2205 jem
1076 2117 1182 2182 allatis
1196 2118 1251 2181 ud-

203 2223 280 2286 dere
294 2222 372 2286 mihi
384 2245 466 2286 nunc
478 2221 566 2287 licuit
578 2245 634 2287 sex
643 2222 832 2308 cnemphric
842 2229 970 2288 vetuste
980 2220 1163 2297 Bodleiano,
1174 2221 1250 2284 dum

203 2323 356 2400 ducalis,
382 2347 452 2409 quoe
472 2323 610 2388 numeris
633 2329 682 2388 26.
700 2335 734 2389 et
749 2327 821 2408 625.
844 2325 1060 2407 designantur,
1084 2324 1254 2389 ἐπισκόποις

203 2433 261 2491 aut
277 2429 455 2494 ἐπισκόπους
469 2426 608 2501 hebent3
627 2425 713 2488 nullo
727 2425 853 2510 quidem
867 2427 991 2489 illorum
1004 2424 1147 2489 dativum
1162 2449 1253 2504 πρεσ-

203 2527 342 2608 βυτέροις
369 2549 435 2612 prae
465 2549 499 2592 se
529 2527 664 2593 ferente·
717 2528 779 2591 His
807 2550 858 2592 sec
889 2527 1037 2593 codicibus
1065 2547 1254 2591 annumeres

205 2628 332 2713 llcydii
345 2630 483 2707 MStmm
500 2630 694 2696 Matthecum
711 2630 889 2695 Blasterem
904 2631 936 2694 in
952 2632 1147 2715 Syoteyrnatc
1159 2629 1257 2692 Oano-

204 2752 278 2795 num
308 2731 463 2817 Alptcbet.
492 2734 660 2820 eurumque
689 2735 776 2800 edite
806 2733 948 2798 Concilio
979 2741 1077 2816 etque
1106 2733 1255 2807 Οοιιοπισ,

206 2834 444 2920 Ambicumque
457 2844 615 2921 pressores
630 2838 891 2921 Perephrestem,
906 2843 941 2901 et
955 2835 1145 2899 Rhnbcunm
1160 2833 1254 2897 Mau-

205 2957 286 3013 rum,
302 2936 342 3000 de
364 2937 478 3021 quibus
499 2937 582 3002 inire
604 2938 717 3003 dicem.
763 2937 867 3016 Solus,
888 2938 972 3024 quod
992 2937 1099 3015 sciam,
1121 2942 1253 3017 πρεσβυ-

206 3036 301 3119 τέροις
329 3036 429 3103 hebet
452 3039 596 3105 Joenncs
622 3040 843 3105 Antiochsnus
868 3042 901 3105 iu
929 3043 1085 3105 (laconum
1110 3040 1254 3125 Diserte,-

205 3161 307 3227 neque
322 3140 406 3204 euim
420 3140 535 3206 diversi
546 3164 615 3206 esse
629 3142 770 3207 auctoris
781 3151 860 3227 puto
871 3142 1034 3229 exemplnr
1045 3141 1254 3205 Bodleianum

205 3260 300 3327 5771.
325 3266 346 3309 s
370 3266 421 3307 me
441 3242 516 3308 alibi
542 3254 843 3323 commemoratum
879 3255 981 3331 neque
1006 3244 1069 3309 elio
1093 3243 1254 3328 pertinere

205 3346 332 3410 videtur
359 3346 460 3411 codex
488 3346 539 3410 ille
563 3346 796 3412 vetustissimus
817 3370 839 3413 n
857 3348 926 3413 viro
958 3346 1143 3411 doctissimo
1167 3346 1253 3408 Her-

202 3448 298 3513 berto
320 3448 512 3514 Thorndieio
531 3449 564 3512 iu
583 3448 665 3514 libro
684 3450 824 3535 Anglics
842 3450 951 3536 lingue
965 3449 1097 3534 scripto,
1111 3449 1162 3511 Do
1175 3446 1255 3510 Jurs

205 3552 351 3616 Emlsciae
370 3552 405 3615 ιἰι
424 3552 556 3616 (licilals
578 3552 765 3632 Ulucium,
787 3552 908 3641 cep.iii.
920 3576 952 3637 p.
969 3572 1037 3631 ¹40·
1056 3550 1255 3619 bibliothece

206 3653 387 3719 Bodleienae
403 3676 472 3719 esse
483 3655 599 3732 dictus,
612 3676 706 3741 quem
717 3654 904 3719 crediderim
917 3655 1020 3739 ipsum
1031 3674 1100 3717 esse
1114 3652 1256 3736 ejusdem

204 3756 340 3822 Joanuis
365 3758 495 3822 MStum
519 3741 724 3821 numeroso.
748 3758 948 3821 denotatum.
994 3756 1102 3824 Latini
1128 3756 1256 3841 quidem

204 3878 361 3922 canonum
377 3858 568 3943 interpretes
575 3856 760 3943 prosimus
773 3858 872 3922 dandi
891 3879 999 3922 cesum
1017 3865 1182 3944 praestant,
1199 3856 1256 3920 sed

205 3981 307 4045 neque
335 3982 374 4024 οο
398 3960 500 4045 magis
526 3961 677 4037 adducor,
704 3969 741 4024 ut
775 3968 947 4046 propterca
978 3958 1168 4037 existimem,
1201 3980 1256 4021 eos

205 4062 271 4125 suis
299 4062 332 4125 in
361 4062 523 4127 codicibus
554 4084 661 4127 vocem
695 4062 853 4127 iuvenisse
883 4063 1119 4143 πρεσβυτέροιςς
1154 4082 1255 4143 ponas

206 4164 299 4243 enim,
326 4172 363 4229 ut
391 4188 453 4229 vox
478 4165 580 4253 prims
610 4166 740 4230 senonis
765 4166 849 4230 lecte
873 4166 916 4229 ab
944 4164 983 4227 iis
1008 4163 1104 4227 fuerit
1127 4187 1254 4245 χωρεπι-

206 4268 346 4344 σκόπους,
373 4288 443 4353 quae
472 4290 531 4353 pro
554 4270 788 4351 χωρεπισκόποιι
813 4287 1040 4353 saepenumero,
1066 4264 1127 4329 etsi
1150 4262 1255 4325 minus

205 4371 302 4449 reete,
322 4368 480 4444 scribitur,
497 4377 566 4435 tum
586 4394 660 4436 vero
678 4371 817 4437 licuisset
831 4372 892 4435 illis
911 4371 1008 4435 verbe
1027 4370 1145 4433 eodem-
1159 4366 1254 4434 modo

698 4491 753 4537 un
