3242 5150
336 397 400 460 444
634 395 884 473 RELIQUIAE
910 395 1088 461 SACRAE.

335 601 428 652 σεως
456 571 515 647 καὶ
541 570 562 647 ὁ
589 567 675 664 Ἰὼβ
703 568 874 670 ὀρέγεται,
899 567 1018 669 λέγων
1040 565 1232 664 πολλάκις,
1252 566 1331 647 ““Ἡ
1351 566 1391 648 δέ

337 701 453 806 σοφία
463 700 574 780 τόθεν
584 697 719 803 εὑρέθη,
733 708 835 784 ποῖος
849 699 889 781 δὲ
902 697 1011 784 τόπος
1025 701 1103 778 ε’στὶ
1115 703 1179 798 τῆς
1190 700 1389 793 σννέσεωςς

336 834 455 915 καὶτὸ
479 835 669 942 ἀνεφικτον
693 838 801 934 αὐτῆς
819 839 879 915 καὶ
898 833 1130 937 ἀπερινόητον
1143 840 1218 916 τοῖς
1235 842 1390 917 πολλοῖς

336 969 546 1076 διαγράφων
574 971 807 1072 προστίθησι,
838 982 855 1016 ¹¹
868 969 1010 1067 Λέληθε
1037 965 1157 1047 πάντα
1181 969 1386 1070 ἆνθροπον.

337 1103 391 1182 im
410 1102 449 1183 δὲ
471 1103 592 1202 μόνοις
614 1107 693 1185 ε’στὶ
715 1112 790 1187 τοῖς
813 1105 926 1206 ἁγίοις
946 1102 1124 1206 γνώριμος
1136 1107 1256 1186 συνεὶς
1275 1110 1346 1197 (for.
1367 1106 1417 1202 ris

335 1236 509 1339 σύνεσις),
539 1237 707 1337 ἐπιλέγει·
757 1237 833 1315 ⁰‘O
863 1234 996 1338 Κύριος
1024 1236 1253 1336 συνέστησεν
1280 1240 1390 1336 αι’πῆς

336 1369 402 1470 τὴν
420 1369 515 1460 ὁδὸν,
535 1374 593 1448 καὶ
611 1366 658 1448 τὰ
675 1369 771 1476 ἑξῆς.
801 1377 873 1448 ποῦ
892 1368 939 1464 δέ,
958 1373 1018 1448 καὶ
1035 1366 1146 1449 πόθεν
1168 1374 1269 1450 ε’στὶν
1287 1373 1388 1469 αὕτη,

280 1516 284 1521 ’
336 1502 450 1582 πάλιν
474 1504 582 1605 λέγει,
604 1503 723 1603 ΡΠαρ’
750 1503 847 1609 αὐτῷ
874 1503 992 1607 σοφία
1018 1505 1077 1581 καὶ
1105 1501 1264 1602 δύναμις,
1292 1506 1390 1610 αι’πῷ

335 1637 454 1737 βουλὴ
473 1642 531 1717 καί
548 1638 706 1720 σύνεσις.
726 1635 775 1720 εἷς
792 1637 890 1715 οὖνὸ
908 1641 973 1735 τῆς
991 1638 1125 1742 σοφίας
1139 1635 1389 1740 γενεσιονργδς

335 1774 395 1851 καὶ
413 1769 532 1873 δοτὴρ,
551 1775 608 1850 καὶ
623 1770 657 1850 εί
670 1805 724 1854 τις
742 1771 851 1868 αι’σῇς
870 1769 1055 1874 μετέσχεν,
1068 1770 1139 1873 ἔχει
1157 1773 1241 1871 παρ’
1256 1772 1389 1850 ἐκείνου
1402 1814 1441 1854 ιο

337 1905 478 2000 λαβών·
510 1902 622 1985 (ΙὍτι
643 1905 775 2007 Κύριος
795 1906 922 1983 δίδωσι
938 1906 1086 2010 σοφίαν,
1100 1909 1157 1984 καὶ
1176 1905 1249 1985 ἀπὸ
1263 1938 1384 2007 προσ·

337 2041 437 2120 ιύπον
460 2041 568 2119 αὑτοῦ
596 2047 732 2140 γνῶσις
751 2042 809 2118 καί
833 2037 991 2136 σύνεσις,
1009 2042 1057 2123 ὡς
1081 2040 1104 2137 ἡ
1130 2037 1233 2144 σοφὴ
1254 2040 1390 2133 βίβλος

335 2173 502 2274 ἐμήνυσε·
519 2177 577 2252 καὶ
594 2177 641 2258 ὡς
656 2175 776 2274 ἕτερον
786 2173 911 2271 ὅμοιον
925 2173 1076 2276 γράμμα
1086 2174 1236 2280 ἐδίδαξε,
1250 2179 1389 2280 φῆσαν,

337 2307 442 2388 ’Ὅτι
471 2306 577 2392 αὐτὸς
610 2313 667 2388 καὶ
694 2314 758 2408 τῆς
785 2311 921 2414 σοφίας
948 2307 1079 2410 ὃδηγὸς
1110 2311 1201 2406 ε’στι,
1229 2315 1287 2390 καὶ
1314 2316 1390 2390 τῶν

337 2448 467 2546 σοφῶν
487 2442 691 2547 διορθωτής.
721 2447 759 2524 ἐν
776 2443 849 2545 γὰρ
874 2448 965 2548 χειρὶ
990 2445 1099 2525 αι’ποῦ
1125 2449 1183 2524 καὶ
1201 2446 1309 2545 ἡμεῖς,
1327 2448 1387 2525 καὶ
1401 2491 1413 2530 ι
1419 2492 1438 2549 5

337 2578 494 2679 οὶλόγοι
512 2579 623 2678 ἡμῶν,
641 2578 747 2659 πᾶσά
763 2614 801 2659 τε
822 2578 998 2682 φρόνησις
1017 2583 1075 2659 καὶ
1094 2583 1283 2681 ε’ργατειῶν
1305 2584 1385 2661 ε’πι·

337 2712 471 2813 στήμη·
497 2715 539 2792 ού
556 2711 628 2815 γὰρ
645 2712 802 2791 ἄλλοθέν
820 2719 932 2793 ποθεν
942 2713 1026 2813 ἧκεν
1043 2718 1091 2797 είς
1106 2713 1198 2811 ἡμᾶς
1210 2720 1284 2793 τῶν
1295 2718 1383 2816 ἀγα·

339 2956 393 3011 est,
407 2964 493 3023 quam
508 2944 603 3003 Jobus
617 2945 747 3003 invenire
761 2945 836 3003 desi·
887 2944 974 3003 entire
988 2963 1092 3022 parens
1106 2954 1136 3001 et
1153 2943 1274 3021 largitor
1287 2955 1341 3013 eet,
1356 2954 1386 3003 et

339 3024 430 3089 derat,
448 3044 647 3102 saepenumero
664 3024 736 3083 illud
754 3045 836 3103 repe·
907 3024 1054 3100 uicunque
1078 3024 1142 3101 ejus
1166 3023 1310 3102 particeps
1330 3034 1385 3090 eet,

339 3116 415 3167 tens.
432 3103 581 3181 Sapientia
596 3112 687 3161 autem
703 3106 777 3162 unde
792 3106 835 3162 in·
887 3044 930 3161 iili
941 3114 1087 3180 acceptam
1096 3103 1204 3161 referre
1214 3103 1310 3171 debet,
1325 3104 1386 3161 Do.
1398 3126 1439 3165 20

339 3191 421 3240 vento
437 3192 485 3251 eet,
501 3192 526 3239 et
538 3182 632 3260 quolir
642 3184 720 3241 locus
731 3192 769 3241 ert
780 3185 835 3241 roi·
887 3183 978 3240 minus
989 3187 1060 3241 enim
1075 3183 1317 3260 summittenda,
1329 3192 1355 3242 et
1366 3206 1385 3242 ιι

340 3260 446 3319 entier?
459 3262 608 3338 additque,
625 3274 756 3320 naturam
772 3265 836 3339 ejus
876 3260 964 3339 socie
977 3266 1041 3341 ejus
1049 3263 1172 3341 cognitio
1181 3272 1208 3321 et
1219 3263 1385 3328 intellecirrr,

339 3340 513 3407 describens,
529 3360 594 3419 quae
617 3341 696 3419 vulgi
719 3356 836 3420 captum
888 3354 976 3477 φτοιιι
987 3344 1016 3399 in
1028 3343 1151 3421 capienti
1163 3343 1386 3401 proverbiorum

340 3432 370 3480 et
390 3421 571 3480 intellectum
587 3434 715 3498 superat,
734 3422 837 3482 Latuit
900 3422 963 3480 ibro
983 3423 1142 3481 indicatum
1166 3432 1230 3493 est3
1259 3432 1289 3481 et
1312 3422 1387 3481 elius

340 3501 598 3565 omnmhominemr
611 3500 737 3579 solisque
747 3503 837 3561 Sanc.
889 3501 1048 3581 Scriptum
1059 3502 1140 3561 locus
1151 3502 1260 3569 docuit,
1276 3500 1385 3569 dicens,
1396 3530 1436 3587 25

339 3582 378 3640 tin
402 3582 546 3659 cognitam
572 3602 633 3640 eam
661 3582 836 3661 intelligens,
889 3581 1151 3659 Ipseetsopiemiae
1162 3583 1385 3652 Παροιμίαι-

339 3662 380 3719 sic
403 3660 560 3729 concludit,
577 3662 716 3720 Dominus
738 3684 838 3741 cogno·
888 3662 1011 3737 picurum
1027 3663 1197 3721 emendator.
1247 3659 1386 3721 In'manu

339 3740 378 3798 vit
387 3740 461 3798 viam
471 3744 542 3819 ejus,
552 3753 582 3800 et
590 3760 656 3819 quae
665 3755 836 3821 sequuntur.
888 3744 965 3801 enim
989 3743 1052 3819 ejus
1073 3763 1126 3801 noe
1146 3763 1257 3809 eumne,
1279 3753 1308 3800 et
1326 3762 1385 3800 eer-

341 3818 399 3878 Ubi
424 3832 521 3879 autem
547 3821 605 3886 illa.
631 3833 661 3880 et
686 3822 764 3881 unde
789 3824 837 3892 eit,
889 3842 989 3880 monee
999 3822 1099 3891 nostri,
1110 3824 1204 3881 omnis
1218 3823 1303 3881 etiam
1316 3842 1387 3915 pru·

340 3899 407 3957 alibi
423 3898 504 3965 dicit,
521 3902 606 3975 Apud
619 3920 680 3959 enm
696 3902 837 3980 rapientia
888 3900 996 3971 dentin,
1020 3912 1050 3959 et
1074 3905 1274 3980 operationum
1300 3901 1387 3959 drrci-
1396 3930 1439 3986 30

340 3988 365 4035 et
387 3980 489 4049 virtus,
504 3980 562 4059 ipsi
583 3990 622 4039 ert
644 3982 789 4041 consilium
813 3990 838 4039 et
888 3981 986 4059 plina3
1008 3980 1082 4038 nihil
1096 3982 1173 4040 enim
1185 3980 1263 4060 quod
1277 3982 1386 4039 bonum

340 4061 505 4119 intellectus.
550 4062 635 4120 Unus
649 4063 749 4139 igitur,
761 4062 838 4141 sapi.
889 4073 919 4119 et
930 4061 1120 4120 admiratione
1131 4061 1250 4139 dignum
1265 4072 1320 4127 est.
1332 4060 1386 4119 ali-

388 4274 410 4302 ¹¹¹
422 4264 480 4311 soh.
490 4264 572 4311 xxviii.
589 4277 625 4310 ιι.
726 4274 741 4302 ¹¹
753 4263 808 4311 Job.
823 4263 906 4311 miii.
919 4277 956 4310 rr.
1101 4274 1115 4301 ⁰
1127 4263 1184 4311 Job.
1197 4263 1281 4310 xxviii.
1296 4277 1334 4323 ος.

388 4343 469 4391 ison
482 4343 522 4390 xii.
540 4357 546 4389 ι
551 4357 575 4401 3.
725 4354 738 4391 (ι
752 4344 824 4390 Prov.
836 4344 860 4390 ii.
875 4342 897 4391 6.
1107 4354 1119 4382 ¹
1131 4344 1186 4405 Sop.
1194 4344 1235 4390 vii.
1248 4358 1256 4390 ι
1261 4356 1284 4404 5.
