<?xml version="1.0" encoding="UTF-8"?>
<!DOCTYPE html PUBLIC "-//W3C//DTD XHTML 1.0 Transitional//EN"
    "http://www.w3.org/TR/xhtml1/DTD/xhtml1-transitional.dtd">
<html xmlns="http://www.w3.org/1999/xhtml" xml:lang="en" lang="en">
 <head>
  <title>
</title>
<meta http-equiv="Content-Type" content="text/html;charset=utf-8" />
  <meta name='ocr-system' content='tesseract 3.04.00' />
  <meta name='ocr-capabilities' content='ocr_page ocr_carea ocr_par ocr_line ocrx_word'/>
</head>
<body>
  <div class='ocr_page' id='page_1' title='image "./reliquiaesacrae12routgoog_0434.png"; bbox 0 0 3242 5150; ppageno 0'>
   <div class='ocr_carea' id='block_1_1' title="bbox 374 379 1089 444">
    <p class='ocr_par' dir='ltr' id='par_1_1' title="bbox 374 379 1089 444">
     <span class='ocr_line' id='line_1_1' title="bbox 374 379 1089 444; baseline 0.003 -2"><span class='ocrx_word' id='word_1_1' title='bbox 374 382 439 443; x_wconf 73' lang='lat'>424</span> <span class='ocrx_word' id='word_1_2' title='bbox 709 379 1089 444; x_wconf 78' lang='lat' dir='ltr'>ANNO&#39;I&#39;ATIONES</span> 
     </span>
    </p>
   </div>
   <div class='ocr_carea' id='block_1_2' title="bbox 371 547 1426 4403">
    <p class='ocr_par' dir='ltr' id='par_1_2' title="bbox 374 547 1425 739">
     <span class='ocr_line' id='line_1_2' title="bbox 376 547 1425 616; baseline 0.002 -2"><span class='ocrx_word' id='word_1_3' title='bbox 376 551 555 616; x_wconf 87' lang='lat' dir='ltr'>“floruisse</span> <span class='ocrx_word' id='word_1_4' title='bbox 580 551 700 615; x_wconf 78' lang='lat' dir='ltr'><strong>debuit.</strong></span> <span class='ocrx_word' id='word_1_5' title='bbox 745 550 796 614; x_wconf 92' lang='lat' dir='ltr'>De</span> <span class='ocrx_word' id='word_1_6' title='bbox 821 549 875 614; x_wconf 92' lang='lat' dir='ltr'>illo</span> <span class='ocrx_word' id='word_1_7' title='bbox 904 549 1071 615; x_wconf 76' lang='lat' dir='ltr'>Fabricius</span> <span class='ocrx_word' id='word_1_8' title='bbox 1096 547 1179 614; x_wconf 82' lang='lat' dir='ltr'>Bibl.</span> <span class='ocrx_word' id='word_1_9' title='bbox 1209 551 1268 614; x_wconf 75' lang='lat' dir='ltr'>Gr.</span> <span class='ocrx_word' id='word_1_10' title='bbox 1290 549 1359 615; x_wconf 89' lang='lat' dir='ltr'>Lib.</span> <span class='ocrx_word' id='word_1_11' title='bbox 1378 551 1425 616; x_wconf 83' lang='lat' dir='ltr'>iii.</span> 
     </span>
     <span class='ocr_line' id='line_1_3' title="bbox 374 653 733 739; baseline 0.003 -23"><span class='ocrx_word' id='word_1_12' title='bbox 374 660 394 690; x_wconf 87' lang='lat'><strong>“</strong></span> <span class='ocrx_word' id='word_1_13' title='bbox 409 675 478 738; x_wconf 88' lang='lat' dir='ltr'>cap.</span> <span class='ocrx_word' id='word_1_14' title='bbox 495 653 538 716; x_wconf 90' lang='lat' dir='ltr'>xi.</span> <span class='ocrx_word' id='word_1_15' title='bbox 553 676 626 739; x_wconf 86' lang='lat' dir='ltr'>pag.</span> <span class='ocrx_word' id='word_1_16' title='bbox 639 653 733 739; x_wconf 82' lang='lat'>302.”</span> 
     </span>
    </p>

    <p class='ocr_par' dir='ltr' id='par_1_3' title="bbox 373 752 1426 3081">
     <span class='ocr_line' id='line_1_4' title="bbox 417 752 1424 840; baseline 0 -22"><span class='ocrx_word' id='word_1_17' title='bbox 417 755 456 818; x_wconf 89' lang='lat' dir='ltr'>P.</span> <span class='ocrx_word' id='word_1_18' title='bbox 468 775 543 840; x_wconf 84' lang='lat'>395.</span> <span class='ocrx_word' id='word_1_19' title='bbox 560 755 583 816; x_wconf 93' lang='lat' dir='ltr'>l.</span> <span class='ocrx_word' id='word_1_20' title='bbox 597 775 626 836; x_wconf 87' lang='lat'>7.</span> <span class='ocrx_word' id='word_1_21' title='bbox 637 753 860 834; x_wconf 75' lang='grc' dir='ltr'>Ἀσκληπιάδης</span> <span class='ocrx_word' id='word_1_22' title='bbox 872 757 888 818; x_wconf 84' lang='grc' dir='ltr'>ὁ</span> <span class='ocrx_word' id='word_1_23' title='bbox 902 753 1012 838; x_wconf 74' lang='grc' dir='ltr'>ἰατρὸς]</span> <span class='ocrx_word' id='word_1_24' title='bbox 1032 753 1122 816; x_wconf 90' lang='lat' dir='ltr'>Idem</span> <span class='ocrx_word' id='word_1_25' title='bbox 1131 752 1283 818; x_wconf 80' lang='lat' dir='ltr'>(lor-sinus</span> <span class='ocrx_word' id='word_1_26' title='bbox 1295 777 1327 839; x_wconf 93' lang='lat' dir='ltr'>p.</span> <span class='ocrx_word' id='word_1_27' title='bbox 1338 755 1424 819; x_wconf 84' lang='lat' dir='ltr'>xxvi.</span> 
     </span>
     <span class='ocr_line' id='line_1_5' title="bbox 373 854 1426 942; baseline -0.001 -22"><span class='ocrx_word' id='word_1_28' title='bbox 373 865 399 930; x_wconf 74' lang='grc'>“,</span> <span class='ocrx_word' id='word_1_29' title='bbox 414 855 620 939; x_wconf 78' lang='lat' dir='ltr'>Asclepiades</span> <span class='ocrx_word' id='word_1_30' title='bbox 634 856 804 932; x_wconf 80' lang='lat' dir='ltr'>Prusiade,</span> <span class='ocrx_word' id='word_1_31' title='bbox 819 855 879 928; x_wconf 88' lang='lat' dir='ltr'>vel,</span> <span class='ocrx_word' id='word_1_32' title='bbox 894 862 931 919; x_wconf 89' lang='lat' dir='ltr'>ut</span> <span class='ocrx_word' id='word_1_33' title='bbox 946 862 1044 919; x_wconf 84' lang='lat' dir='ltr'>antea</span> <span class='ocrx_word' id='word_1_34' title='bbox 1057 854 1232 933; x_wconf 74' lang='lat' dir='ltr'>dicebatur,</span> <span class='ocrx_word' id='word_1_35' title='bbox 1248 857 1303 920; x_wconf 75' lang='lat' dir='ltr'>Oia</span> <span class='ocrx_word' id='word_1_36' title='bbox 1314 856 1426 942; x_wconf 86' lang='lat' dir='ltr'>Bithy·</span> 
     </span>
     <span class='ocr_line' id='line_1_6' title="bbox 375 957 1425 1041; baseline 0.001 -20"><span class='ocrx_word' id='word_1_37' title='bbox 375 967 394 994; x_wconf 83' lang='lat'>‘&#39;</span> <span class='ocrx_word' id='word_1_38' title='bbox 410 958 471 1021; x_wconf 85' lang='lat' dir='ltr'>niae</span> <span class='ocrx_word' id='word_1_39' title='bbox 486 959 564 1021; x_wconf 91' lang='lat' dir='ltr'>urbe</span> <span class='ocrx_word' id='word_1_40' title='bbox 579 966 684 1036; x_wconf 89' lang='lat' dir='ltr'>natus,</span> <span class='ocrx_word' id='word_1_41' title='bbox 699 957 873 1022; x_wconf 84' lang='lat' dir='ltr'>oratoriam</span> <span class='ocrx_word' id='word_1_42' title='bbox 894 957 1042 1041; x_wconf 89' lang='lat' dir='ltr'>primum,</span> <span class='ocrx_word' id='word_1_43' title='bbox 1058 977 1132 1019; x_wconf 84' lang='lat' dir='ltr'>mox</span> <span class='ocrx_word' id='word_1_44' title='bbox 1151 957 1305 1022; x_wconf 80' lang='lat' dir='ltr'>medicem</span> <span class='ocrx_word' id='word_1_45' title='bbox 1321 967 1425 1022; x_wconf 79' lang='lat' dir='ltr'>artem</span> 
     </span>
     <span class='ocr_line' id='line_1_7' title="bbox 376 1059 1426 1146; baseline 0.001 -22"><span class='ocrx_word' id='word_1_46' title='bbox 376 1068 396 1098; x_wconf 89' lang='lat'>“</span> <span class='ocrx_word' id='word_1_47' title='bbox 412 1059 559 1124; x_wconf 80' lang='lat' dir='ltr'>excoluit.</span> <span class='ocrx_word' id='word_1_48' title='bbox 605 1060 748 1143; x_wconf 89' lang='lat' dir='ltr'>Pompeii</span> <span class='ocrx_word' id='word_1_49' title='bbox 769 1059 877 1144; x_wconf 85' lang='lat' dir='ltr'>magni</span> <span class='ocrx_word' id='word_1_50' title='bbox 897 1059 1093 1143; x_wconf 81' lang='lat' dir='ltr'>temporibus</span> <span class='ocrx_word' id='word_1_51' title='bbox 1107 1059 1224 1134; x_wconf 86' lang='lat' dir='ltr'>floruit,</span> <span class='ocrx_word' id='word_1_52' title='bbox 1241 1082 1342 1146; x_wconf 89' lang='lat' dir='ltr'>eoque</span> <span class='ocrx_word' id='word_1_53' title='bbox 1359 1083 1426 1126; x_wconf 91' lang='lat' dir='ltr'>me·</span> 
     </span>
     <span class='ocr_line' id='line_1_8' title="bbox 376 1159 1423 1247; baseline 0.001 -20"><span class='ocrx_word' id='word_1_54' title='bbox 376 1171 396 1201; x_wconf 90' lang='lat'><strong>“</strong></span> <span class='ocrx_word' id='word_1_55' title='bbox 412 1164 483 1228; x_wconf 90' lang='lat' dir='ltr'>dico</span> <span class='ocrx_word' id='word_1_56' title='bbox 504 1185 580 1226; x_wconf 89' lang='lat' dir='ltr'>usus</span> <span class='ocrx_word' id='word_1_57' title='bbox 594 1169 644 1226; x_wconf 90' lang='lat' dir='ltr'>est</span> <span class='ocrx_word' id='word_1_58' title='bbox 667 1159 791 1240; x_wconf 87' lang='lat' dir='ltr'>Cicero,</span> <span class='ocrx_word' id='word_1_59' title='bbox 811 1168 848 1225; x_wconf 92' lang='lat' dir='ltr'>ut</span> <span class='ocrx_word' id='word_1_60' title='bbox 868 1160 935 1247; x_wconf 89' lang='lat' dir='ltr'>ipse</span> <span class='ocrx_word' id='word_1_61' title='bbox 956 1168 1106 1238; x_wconf 86' lang='lat' dir='ltr'>testatur,</span> <span class='ocrx_word' id='word_1_62' title='bbox 1121 1162 1204 1225; x_wconf 81' lang='lat' dir='ltr'>libi.</span> <span class='ocrx_word' id='word_1_63' title='bbox 1220 1162 1261 1227; x_wconf 89' lang='lat' dir='ltr'>de</span> <span class='ocrx_word' id='word_1_64' title='bbox 1284 1163 1423 1228; x_wconf 79' lang='lat' dir='ltr'>Oratore</span> 
     </span>
     <span class='ocr_line' id='line_1_9' title="bbox 374 1262 1423 1351; baseline 0.002 -22"><span class='ocrx_word' id='word_1_65' title='bbox 374 1273 396 1304; x_wconf 76' lang='lat'>‘⁶</span> <span class='ocrx_word' id='word_1_66' title='bbox 411 1288 480 1351; x_wconf 90' lang='lat' dir='ltr'>cap.</span> <span class='ocrx_word' id='word_1_67' title='bbox 502 1286 550 1345; x_wconf 89' lang='lat'>14.</span> <span class='ocrx_word' id='word_1_68' title='bbox 598 1263 685 1328; x_wconf 80' lang='lat' dir='ltr'>Vixit</span> <span class='ocrx_word' id='word_1_69' title='bbox 704 1262 796 1327; x_wconf 89' lang='lat' dir='ltr'>anuis</span> <span class='ocrx_word' id='word_1_70' title='bbox 815 1279 885 1346; x_wconf 85' lang='lat'>150.</span> <span class='ocrx_word' id='word_1_71' title='bbox 931 1263 1095 1327; x_wconf 85' lang='lat' dir='ltr'>Videndus</span> <span class='ocrx_word' id='word_1_72' title='bbox 1119 1263 1285 1330; x_wconf 79' lang='lat' dir='ltr'>Fabricius</span> <span class='ocrx_word' id='word_1_73' title='bbox 1310 1264 1366 1329; x_wconf 88' lang='lat' dir='ltr'>lib.</span> <span class='ocrx_word' id='word_1_74' title='bbox 1383 1265 1423 1331; x_wconf 84' lang='lat' dir='ltr'>vi.</span> 
     </span>
     <span class='ocr_line' id='line_1_10' title="bbox 375 1364 1423 1452; baseline 0.002 -21"><span class='ocrx_word' id='word_1_75' title='bbox 375 1376 395 1405; x_wconf 86' lang='lat'>“</span> <span class='ocrx_word' id='word_1_76' title='bbox 410 1390 479 1452; x_wconf 87' lang='lat' dir='ltr'>cap.</span> <span class='ocrx_word' id='word_1_77' title='bbox 492 1387 523 1450; x_wconf 92' lang='lat'>9.</span> <span class='ocrx_word' id='word_1_78' title='bbox 545 1388 617 1451; x_wconf 87' lang='lat' dir='ltr'>pag.</span> <span class='ocrx_word' id='word_1_79' title='bbox 631 1367 681 1445; x_wconf 88' lang='lat'>87.</span> <span class='ocrx_word' id='word_1_80' title='bbox 729 1364 934 1448; x_wconf 81' lang='lat' dir='ltr'>Asclepiades</span> <span class='ocrx_word' id='word_1_81' title='bbox 959 1364 1043 1429; x_wconf 81' lang='lat' dir='ltr'>alter</span> <span class='ocrx_word' id='word_1_82' title='bbox 1068 1366 1190 1430; x_wconf 80' lang='lat' dir='ltr'>Gelono</span> <span class='ocrx_word' id='word_1_83' title='bbox 1218 1375 1423 1447; x_wconf 88' lang='lat' dir='ltr'>memoratus,</span> 
     </span>
     <span class='ocr_line' id='line_1_11' title="bbox 376 1466 1424 1555; baseline 0.004 -25"><span class='ocrx_word' id='word_1_84' title='bbox 376 1476 396 1505; x_wconf 90' lang='grc'>“</span> <span class='ocrx_word' id='word_1_85' title='bbox 412 1469 548 1531; x_wconf 89' lang='lat' dir='ltr'>Neronis</span> <span class='ocrx_word' id='word_1_86' title='bbox 558 1469 837 1552; x_wconf 83' lang='lat' dir='ltr'>proximorumque</span> <span class='ocrx_word' id='word_1_87' title='bbox 848 1466 1010 1530; x_wconf 81' lang='lat' dir='ltr'>Gaesarum</span> <span class='ocrx_word' id='word_1_88' title='bbox 1022 1469 1256 1546; x_wconf 85' lang='lat' dir='ltr'>aetatefloruit3</span> <span class='ocrx_word' id='word_1_89' title='bbox 1273 1473 1424 1555; x_wconf 85' lang='lat' dir='ltr'>quemad-</span> 
     </span>
     <span class='ocr_line' id='line_1_12' title="bbox 375 1567 1424 1656; baseline 0.005 -24"><span class='ocrx_word' id='word_1_90' title='bbox 375 1578 395 1606; x_wconf 78' lang='lat'>‘⁸</span> <span class='ocrx_word' id='word_1_91' title='bbox 405 1568 777 1654; x_wconf 82' lang='lat' dir='ltr'>modumC.Oalpumius</span> <span class='ocrx_word' id='word_1_92' title='bbox 788 1567 994 1652; x_wconf 83' lang='lat' dir='ltr'>Asclepiades</span> <span class='ocrx_word' id='word_1_93' title='bbox 1005 1569 1351 1656; x_wconf 84' lang='lat' dir='ltr'>PrusaadOlympiam</span> <span class='ocrx_word' id='word_1_94' title='bbox 1362 1574 1424 1636; x_wconf 89' lang='lat' dir='ltr'>ori-</span> 
     </span>
     <span class='ocr_line' id='line_1_13' title="bbox 374 1670 1422 1756; baseline 0.004 -21"><span class='ocrx_word' id='word_1_95' title='bbox 374 1680 395 1709; x_wconf 91' lang='lat'><strong>“</strong></span> <span class='ocrx_word' id='word_1_96' title='bbox 406 1672 509 1736; x_wconf 91' lang='lat' dir='ltr'>undus</span> <span class='ocrx_word' id='word_1_97' title='bbox 523 1671 653 1756; x_wconf 85' lang='lat' dir='ltr'>Trajani</span> <span class='ocrx_word' id='word_1_98' title='bbox 668 1670 865 1755; x_wconf 84' lang='lat' dir='ltr'>temporibus</span> <span class='ocrx_word' id='word_1_99' title='bbox 876 1670 964 1747; x_wconf 87' lang='lat' dir='ltr'>vixit,</span> <span class='ocrx_word' id='word_1_100' title='bbox 975 1678 1132 1754; x_wconf 88' lang='lat' dir='ltr'>natusque</span> <span class='ocrx_word' id='word_1_101' title='bbox 1146 1694 1231 1737; x_wconf 92' lang='lat' dir='ltr'>anno</span> <span class='ocrx_word' id='word_1_102' title='bbox 1241 1674 1285 1738; x_wconf 91' lang='lat' dir='ltr'>U.</span> <span class='ocrx_word' id='word_1_103' title='bbox 1297 1676 1331 1739; x_wconf 84' lang='grc' dir='ltr'>Ο.</span> <span class='ocrx_word' id='word_1_104' title='bbox 1349 1677 1422 1756; x_wconf 90' lang='lat'>840.</span> 
     </span>
     <span class='ocr_line' id='line_1_14' title="bbox 375 1771 1424 1860; baseline 0.001 -21"><span class='ocrx_word' id='word_1_105' title='bbox 375 1783 396 1814; x_wconf 90' lang='lat'>“</span> <span class='ocrx_word' id='word_1_106' title='bbox 412 1773 674 1858; x_wconf 82' lang='lat' dir='ltr'>septuagenarius</span> <span class='ocrx_word' id='word_1_107' title='bbox 688 1773 819 1838; x_wconf 86' lang='lat' dir='ltr'>interiit.</span> <span class='ocrx_word' id='word_1_108' title='bbox 853 1771 1019 1836; x_wconf 89' lang='lat' dir='ltr'>Fabricius</span> <span class='ocrx_word' id='word_1_109' title='bbox 1033 1772 1160 1849; x_wconf 89' lang='lat' dir='ltr'>ibidem,</span> <span class='ocrx_word' id='word_1_110' title='bbox 1177 1796 1207 1858; x_wconf 93' lang='lat' dir='ltr'>p.</span> <span class='ocrx_word' id='word_1_111' title='bbox 1221 1795 1273 1858; x_wconf 87' lang='lat'>90.</span> <span class='ocrx_word' id='word_1_112' title='bbox 1306 1777 1424 1860; x_wconf 90' lang='lat' dir='ltr'>Itaque</span> 
     </span>
     <span class='ocr_line' id='line_1_15' title="bbox 374 1874 1424 1962; baseline 0.001 -22"><span class='ocrx_word' id='word_1_113' title='bbox 374 1884 396 1916; x_wconf 90' lang='lat'><strong>“</strong></span> <span class='ocrx_word' id='word_1_114' title='bbox 411 1877 594 1962; x_wconf 88' lang='lat' dir='ltr'>ambiguum</span> <span class='ocrx_word' id='word_1_115' title='bbox 609 1876 712 1960; x_wconf 88' lang='lat' dir='ltr'>plane,</span> <span class='ocrx_word' id='word_1_116' title='bbox 728 1896 822 1960; x_wconf 90' lang='lat' dir='ltr'>quem</span> <span class='ocrx_word' id='word_1_117' title='bbox 837 1897 877 1938; x_wconf 87' lang='lat' dir='ltr'>ex</span> <span class='ocrx_word' id='word_1_118' title='bbox 892 1874 1093 1958; x_wconf 88' lang='lat' dir='ltr'>Asclepiadis</span> <span class='ocrx_word' id='word_1_119' title='bbox 1108 1875 1178 1939; x_wconf 91' lang='lat' dir='ltr'>istis</span> <span class='ocrx_word' id='word_1_120' title='bbox 1192 1876 1337 1960; x_wconf 85' lang='lat' dir='ltr'>designet</span> <span class='ocrx_word' id='word_1_121' title='bbox 1348 1877 1424 1941; x_wconf 92' lang='lat' dir='ltr'>Plu-</span> 
     </span>
     <span class='ocr_line' id='line_1_16' title="bbox 376 1975 1421 2063; baseline 0.001 -21"><span class='ocrx_word' id='word_1_122' title='bbox 376 1987 399 2019; x_wconf 87' lang='lat'><strong>“</strong></span> <span class='ocrx_word' id='word_1_123' title='bbox 412 1979 542 2043; x_wconf 89' lang='lat' dir='ltr'>tarchus</span> <span class='ocrx_word' id='word_1_124' title='bbox 556 1978 610 2041; x_wconf 91' lang='lat' dir='ltr'>ubi</span> <span class='ocrx_word' id='word_1_125' title='bbox 626 1977 720 2041; x_wconf 86' lang='lat' dir='ltr'>variis</span> <span class='ocrx_word' id='word_1_126' title='bbox 740 1976 772 2039; x_wconf 89' lang='lat' dir='ltr'>in</span> <span class='ocrx_word' id='word_1_127' title='bbox 792 1975 869 2039; x_wconf 87' lang='lat' dir='ltr'>locis</span> <span class='ocrx_word' id='word_1_128' title='bbox 890 1975 1089 2059; x_wconf 90' lang='lat' dir='ltr'>Asclepiadis</span> <span class='ocrx_word' id='word_1_129' title='bbox 1104 1977 1267 2061; x_wconf 89' lang='lat' dir='ltr'>opiniones</span> <span class='ocrx_word' id='word_1_130' title='bbox 1281 1979 1421 2063; x_wconf 86' lang='lat' dir='ltr'>exponit,</span> 
     </span>
     <span class='ocr_line' id='line_1_17' title="bbox 376 2077 1421 2163; baseline 0.004 -22"><span class='ocrx_word' id='word_1_131' title='bbox 376 2088 510 2163; x_wconf 87' lang='lat' dir='ltr'>“quum</span> <span class='ocrx_word' id='word_1_132' title='bbox 525 2086 658 2163; x_wconf 88' lang='lat' dir='ltr'>uterque</span> <span class='ocrx_word' id='word_1_133' title='bbox 673 2077 713 2140; x_wconf 93' lang='lat' dir='ltr'>de</span> <span class='ocrx_word' id='word_1_134' title='bbox 733 2079 827 2142; x_wconf 91' lang='lat' dir='ltr'>rebus</span> <span class='ocrx_word' id='word_1_135' title='bbox 849 2077 977 2141; x_wconf 87' lang='lat' dir='ltr'>medicis</span> <span class='ocrx_word' id='word_1_136' title='bbox 992 2078 1090 2142; x_wconf 93' lang='lat' dir='ltr'>libros</span> <span class='ocrx_word' id='word_1_137' title='bbox 1109 2078 1152 2141; x_wconf 93' lang='lat' dir='ltr'>ibi</span> <span class='ocrx_word' id='word_1_138' title='bbox 1172 2101 1193 2142; x_wconf 92' lang='lat' dir='ltr'>a</span> <span class='ocrx_word' id='word_1_139' title='bbox 1209 2078 1358 2144; x_wconf 86' lang='lat' dir='ltr'>Fabricio</span> <span class='ocrx_word' id='word_1_140' title='bbox 1371 2102 1421 2145; x_wconf 85' lang='lat' dir='ltr'>re·</span> 
     </span>
     <span class='ocr_line' id='line_1_18' title="bbox 376 2179 1424 2264; baseline 0.004 -22"><span class='ocrx_word' id='word_1_141' title='bbox 376 2189 397 2219; x_wconf 89' lang='lat'><strong>“</strong></span> <span class='ocrx_word' id='word_1_142' title='bbox 413 2179 550 2242; x_wconf 89' lang='lat' dir='ltr'>censitos</span> <span class='ocrx_word' id='word_1_143' title='bbox 564 2179 731 2242; x_wconf 89' lang='lat' dir='ltr'>ediderit.”</span> <span class='ocrx_word' id='word_1_144' title='bbox 768 2181 852 2243; x_wconf 75' lang='lat' dir='ltr'>Haec</span> <span class='ocrx_word' id='word_1_145' title='bbox 863 2179 1022 2244; x_wconf 82' lang='lat' dir='ltr'>Gorsinus.</span> <span class='ocrx_word' id='word_1_146' title='bbox 1062 2179 1287 2264; x_wconf 74' lang='lat' dir='ltr'>Quemcunque</span> <span class='ocrx_word' id='word_1_147' title='bbox 1300 2181 1424 2246; x_wconf 88' lang='lat' dir='ltr'>interea</span> 
     </span>
     <span class='ocr_line' id='line_1_19' title="bbox 376 2280 1423 2367; baseline 0.007 -25"><span class='ocrx_word' id='word_1_148' title='bbox 376 2280 535 2343; x_wconf 90' lang='lat' dir='ltr'>hominem</span> <span class='ocrx_word' id='word_1_149' title='bbox 559 2280 760 2364; x_wconf 87' lang='lat' dir='ltr'>Asclepiadis</span> <span class='ocrx_word' id='word_1_150' title='bbox 784 2281 910 2345; x_wconf 89' lang='lat' dir='ltr'>nomine</span> <span class='ocrx_word' id='word_1_151' title='bbox 936 2281 1062 2366; x_wconf 81' lang='lat' dir='ltr'>signare</span> <span class='ocrx_word' id='word_1_152' title='bbox 1092 2280 1190 2344; x_wconf 84' lang='lat' dir='ltr'>velint</span> <span class='ocrx_word' id='word_1_153' title='bbox 1213 2282 1349 2367; x_wconf 88' lang='lat' dir='ltr'>scriptor</span> <span class='ocrx_word' id='word_1_154' title='bbox 1371 2285 1423 2350; x_wconf 78' lang='lat' dir='ltr'>Do</span> 
     </span>
     <span class='ocr_line' id='line_1_20' title="bbox 376 2381 1423 2466; baseline 0.005 -22"><span class='ocrx_word' id='word_1_155' title='bbox 376 2382 509 2445; x_wconf 80' lang='lat' dir='ltr'>Plocitc&#39;s</span> <span class='ocrx_word' id='word_1_156' title='bbox 522 2389 556 2446; x_wconf 91' lang='lat' dir='ltr'>et</span> <span class='ocrx_word' id='word_1_157' title='bbox 578 2381 759 2466; x_wconf 86' lang='lat' dir='ltr'>Dionysius,</span> <span class='ocrx_word' id='word_1_158' title='bbox 774 2404 795 2445; x_wconf 90' lang='lat' dir='ltr'>a</span> <span class='ocrx_word' id='word_1_159' title='bbox 816 2404 879 2466; x_wconf 93' lang='lat' dir='ltr'>quo</span> <span class='ocrx_word' id='word_1_160' title='bbox 903 2382 1020 2446; x_wconf 86' lang='lat' dir='ltr'>seilicet</span> <span class='ocrx_word' id='word_1_161' title='bbox 1039 2383 1139 2446; x_wconf 87' lang='lat' dir='ltr'>atomi</span> <span class='ocrx_word' id='word_1_162' title='bbox 1162 2385 1246 2465; x_wconf 85' lang='grc' dir='ltr'>ὄγκοι</span> <span class='ocrx_word' id='word_1_163' title='bbox 1267 2384 1423 2450; x_wconf 85' lang='lat' dir='ltr'>nominati</span> 
     </span>
     <span class='ocr_line' id='line_1_21' title="bbox 375 2483 1422 2569; baseline 0.003 -21"><span class='ocrx_word' id='word_1_164' title='bbox 375 2483 449 2560; x_wconf 90' lang='lat' dir='ltr'>sint,</span> <span class='ocrx_word' id='word_1_165' title='bbox 472 2483 523 2547; x_wconf 90' lang='lat' dir='ltr'>hic</span> <span class='ocrx_word' id='word_1_166' title='bbox 545 2484 628 2547; x_wconf 92' lang='lat' dir='ltr'>enim</span> <span class='ocrx_word' id='word_1_167' title='bbox 649 2506 712 2546; x_wconf 91' lang='lat' dir='ltr'>non</span> <span class='ocrx_word' id='word_1_168' title='bbox 734 2484 874 2569; x_wconf 88' lang='lat' dir='ltr'>positum</span> <span class='ocrx_word' id='word_1_169' title='bbox 897 2499 956 2562; x_wconf 88' lang='lat' dir='ltr'>est,</span> <span class='ocrx_word' id='word_1_170' title='bbox 980 2486 1027 2549; x_wconf 91' lang='lat' dir='ltr'>ita</span> <span class='ocrx_word' id='word_1_171' title='bbox 1050 2485 1171 2548; x_wconf 88' lang='lat' dir='ltr'>dictum</span> <span class='ocrx_word' id='word_1_172' title='bbox 1190 2485 1286 2551; x_wconf 84' lang='lat' dir='ltr'>luisse</span> <span class='ocrx_word' id='word_1_173' title='bbox 1310 2487 1422 2552; x_wconf 86' lang='lat' dir='ltr'>Ascle·</span> 
     </span>
     <span class='ocr_line' id='line_1_22' title="bbox 375 2586 1421 2672; baseline 0.004 -23"><span class='ocrx_word' id='word_1_174' title='bbox 375 2586 521 2671; x_wconf 89' lang='lat' dir='ltr'>piadem;</span> <span class='ocrx_word' id='word_1_175' title='bbox 537 2596 606 2651; x_wconf 89' lang='lat' dir='ltr'>tam</span> <span class='ocrx_word' id='word_1_176' title='bbox 621 2586 708 2649; x_wconf 92' lang='lat' dir='ltr'>illum</span> <span class='ocrx_word' id='word_1_177' title='bbox 721 2609 816 2672; x_wconf 88' lang='lat' dir='ltr'>quam</span> <span class='ocrx_word' id='word_1_178' title='bbox 831 2588 1034 2652; x_wconf 86' lang='lat' dir='ltr'>Heraclidem</span> <span class='ocrx_word' id='word_1_179' title='bbox 1047 2589 1305 2653; x_wconf 85' lang='lat' dir='ltr'>commemorarit</span> <span class='ocrx_word' id='word_1_180' title='bbox 1319 2590 1351 2652; x_wconf 91' lang='lat' dir='ltr'>in</span> <span class='ocrx_word' id='word_1_181' title='bbox 1366 2590 1421 2655; x_wconf 92' lang='lat' dir='ltr'>lib.</span> 
     </span>
     <span class='ocr_line' id='line_1_23' title="bbox 375 2689 1423 2775; baseline 0.005 -24"><span class='ocrx_word' id='word_1_182' title='bbox 375 2689 412 2751; x_wconf 86' lang='lat' dir='ltr'>dc</span> <span class='ocrx_word' id='word_1_183' title='bbox 425 2690 545 2753; x_wconf 74' lang='lat' dir='ltr'>Animo</span> <span class='ocrx_word' id='word_1_184' title='bbox 559 2689 783 2766; x_wconf 84' lang='lat' dir='ltr'>Tertullianus,</span> <span class='ocrx_word' id='word_1_185' title='bbox 799 2690 884 2753; x_wconf 91' lang='lat' dir='ltr'>hunc</span> <span class='ocrx_word' id='word_1_186' title='bbox 899 2690 931 2752; x_wconf 92' lang='lat' dir='ltr'>in</span> <span class='ocrx_word' id='word_1_187' title='bbox 946 2712 972 2753; x_wconf 91' lang='lat' dir='ltr'>c.</span> <span class='ocrx_word' id='word_1_188' title='bbox 985 2710 1015 2772; x_wconf 86' lang='lat'>9.</span> <span class='ocrx_word' id='word_1_189' title='bbox 1033 2689 1119 2753; x_wconf 92' lang='lat' dir='ltr'>illum</span> <span class='ocrx_word' id='word_1_190' title='bbox 1135 2689 1168 2752; x_wconf 93' lang='lat' dir='ltr'>in</span> <span class='ocrx_word' id='word_1_191' title='bbox 1183 2712 1209 2753; x_wconf 93' lang='lat' dir='ltr'>e.</span> <span class='ocrx_word' id='word_1_192' title='bbox 1225 2708 1273 2775; x_wconf 86' lang='lat'>15.</span> <span class='ocrx_word' id='word_1_193' title='bbox 1319 2691 1423 2756; x_wconf 90' lang='lat' dir='ltr'>Porro</span> 
     </span>
     <span class='ocr_line' id='line_1_24' title="bbox 376 2781 1423 2875; baseline 0.006 -22"><span class='ocrx_word' id='word_1_194' title='bbox 376 2781 546 2875; x_wconf 83' lang='lat' dir='ltr'>utrumque</span> <span class='ocrx_word' id='word_1_195' title='bbox 565 2792 649 2855; x_wconf 87' lang='lat' dir='ltr'>inter</span> <span class='ocrx_word' id='word_1_196' title='bbox 663 2791 852 2855; x_wconf 81' lang='lat' dir='ltr'>vetustiores</span> <span class='ocrx_word' id='word_1_197' title='bbox 873 2791 943 2855; x_wconf 88' lang='lat' dir='ltr'>illos</span> <span class='ocrx_word' id='word_1_198' title='bbox 958 2792 1127 2855; x_wconf 87' lang='lat' dir='ltr'>atomiatas</span> <span class='ocrx_word' id='word_1_199' title='bbox 1141 2800 1283 2858; x_wconf 87' lang='lat' dir='ltr'>recenset</span> <span class='ocrx_word' id='word_1_200' title='bbox 1305 2793 1423 2859; x_wconf 88' lang='lat' dir='ltr'>doctis-</span> 
     </span>
     <span class='ocr_line' id='line_1_25' title="bbox 375 2892 1424 2977; baseline 0.007 -23"><span class='ocrx_word' id='word_1_201' title='bbox 375 2892 473 2955; x_wconf 89' lang='lat' dir='ltr'>simus</span> <span class='ocrx_word' id='word_1_202' title='bbox 483 2894 705 2965; x_wconf 86' lang='lat' dir='ltr'>Cudworthus,</span> <span class='ocrx_word' id='word_1_203' title='bbox 717 2915 794 2977; x_wconf 90' lang='lat' dir='ltr'>quos</span> <span class='ocrx_word' id='word_1_204' title='bbox 805 2892 932 2976; x_wconf 91' lang='lat' dir='ltr'>quidem</span> <span class='ocrx_word' id='word_1_205' title='bbox 944 2914 1006 2955; x_wconf 87' lang='lat' dir='ltr'>non</span> <span class='ocrx_word' id='word_1_206' title='bbox 1018 2892 1131 2957; x_wconf 91' lang='lat' dir='ltr'>atheos</span> <span class='ocrx_word' id='word_1_207' title='bbox 1140 2916 1217 2972; x_wconf 89' lang='lat' dir='ltr'>esse,</span> <span class='ocrx_word' id='word_1_208' title='bbox 1228 2894 1292 2959; x_wconf 80' lang='lat' dir='ltr'>sive</span> <span class='ocrx_word' id='word_1_209' title='bbox 1304 2898 1424 2961; x_wconf 89' lang='lat' dir='ltr'>Demo·</span> 
     </span>
     <span class='ocr_line' id='line_1_26' title="bbox 376 2994 1350 3081; baseline 0.004 -24"><span class='ocrx_word' id='word_1_210' title='bbox 376 3002 510 3072; x_wconf 86' lang='lat' dir='ltr'>crateos,</span> <span class='ocrx_word' id='word_1_211' title='bbox 523 2995 677 3069; x_wconf 89' lang='lat' dir='ltr'>credidit;</span> <span class='ocrx_word' id='word_1_212' title='bbox 699 2996 761 3058; x_wconf 92' lang='lat' dir='ltr'>vid.</span> <span class='ocrx_word' id='word_1_213' title='bbox 776 2994 912 3076; x_wconf 72' lang='lat' dir='ltr'>Systmza</span> <span class='ocrx_word' id='word_1_214' title='bbox 923 2994 1124 3059; x_wconf 78' lang='lat' dir='ltr'>Intelleetacle</span> <span class='ocrx_word' id='word_1_215' title='bbox 1138 3019 1206 3080; x_wconf 88' lang='lat' dir='ltr'>cap.</span> <span class='ocrx_word' id='word_1_216' title='bbox 1219 2996 1240 3059; x_wconf 93' lang='lat' dir='ltr'>i.</span> <span class='ocrx_word' id='word_1_217' title='bbox 1259 3001 1288 3081; x_wconf 65' lang='grc' dir='ltr'>ξ.</span> <span class='ocrx_word' id='word_1_218' title='bbox 1305 3001 1350 3062; x_wconf 80' lang='grc'>16.</span> 
     </span>
    </p>

    <p class='ocr_par' dir='ltr' id='par_1_4' title="bbox 373 3095 1422 3485">
     <span class='ocr_line' id='line_1_27' title="bbox 419 3095 1422 3182; baseline 0.01 -26"><span class='ocrx_word' id='word_1_219' title='bbox 419 3095 502 3158; x_wconf 91' lang='lat' dir='ltr'>Ibid.</span> <span class='ocrx_word' id='word_1_220' title='bbox 528 3096 548 3160; x_wconf 91' lang='lat' dir='ltr'>l.</span> <span class='ocrx_word' id='word_1_221' title='bbox 569 3116 617 3159; x_wconf 89' lang='lat'>10.</span> <span class='ocrx_word' id='word_1_222' title='bbox 641 3102 712 3161; x_wconf 77' lang='grc' dir='ltr'>Πῶς</span> <span class='ocrx_word' id='word_1_223' title='bbox 731 3098 827 3159; x_wconf 80' lang='grc' dir='ltr'>αὐτῶν</span> <span class='ocrx_word' id='word_1_224' title='bbox 853 3097 1054 3178; x_wconf 81' lang='grc' dir='ltr'>ἆνασχῶμεθα</span> <span class='ocrx_word' id='word_1_225' title='bbox 1079 3098 1149 3182; x_wconf 75' lang='lat' dir='ltr'>bra]</span> <span class='ocrx_word' id='word_1_226' title='bbox 1174 3099 1347 3163; x_wconf 81' lang='lat' dir='ltr'>Praelixum</span> <span class='ocrx_word' id='word_1_227' title='bbox 1371 3110 1422 3166; x_wconf 82' lang='lat' dir='ltr'>est</span> 
     </span>
     <span class='ocr_line' id='line_1_28' title="bbox 374 3196 1421 3285; baseline 0.009 -28"><span class='ocrx_word' id='word_1_228' title='bbox 374 3196 489 3259; x_wconf 88' lang='lat' dir='ltr'>lemma</span> <span class='ocrx_word' id='word_1_229' title='bbox 503 3198 563 3260; x_wconf 94' lang='lat' dir='ltr'>hoc</span> <span class='ocrx_word' id='word_1_230' title='bbox 578 3196 610 3259; x_wconf 91' lang='lat' dir='ltr'>in</span> <span class='ocrx_word' id='word_1_231' title='bbox 626 3196 756 3259; x_wconf 84' lang='lat' dir='ltr'>Eusebii</span> <span class='ocrx_word' id='word_1_232' title='bbox 771 3196 876 3259; x_wconf 88' lang='lat' dir='ltr'>libris:</span> <span class='ocrx_word' id='word_1_233' title='bbox 898 3196 975 3261; x_wconf 87' lang='grc' dir='ltr'>Ἀπὸ</span> <span class='ocrx_word' id='word_1_234' title='bbox 986 3204 1045 3261; x_wconf 82' lang='grc' dir='ltr'>τῶν</span> <span class='ocrx_word' id='word_1_235' title='bbox 1059 3201 1093 3263; x_wconf 77' lang='grc' dir='ltr'>ἐν</span> <span class='ocrx_word' id='word_1_236' title='bbox 1107 3202 1272 3281; x_wconf 76' lang='grc' dir='ltr'>ἀνθρώποις</span> <span class='ocrx_word' id='word_1_237' title='bbox 1284 3204 1421 3285; x_wconf 82' lang='grc' dir='ltr'>ὑποδειγ-</span> 
     </span>
     <span class='ocr_line' id='line_1_29' title="bbox 373 3297 1421 3386; baseline 0.008 -27"><span class='ocrx_word' id='word_1_238' title='bbox 373 3297 484 3376; x_wconf 78' lang='grc' dir='ltr'>μάτων.</span> <span class='ocrx_word' id='word_1_239' title='bbox 506 3297 564 3360; x_wconf 86' lang='grc' dir='ltr'>ἀπὸ</span> <span class='ocrx_word' id='word_1_240' title='bbox 587 3303 639 3360; x_wconf 83' lang='grc' dir='ltr'>τοῦ</span> <span class='ocrx_word' id='word_1_241' title='bbox 661 3298 759 3360; x_wconf 81' lang='grc' dir='ltr'>αὐτοῦ.</span> <span class='ocrx_word' id='word_1_242' title='bbox 797 3299 912 3361; x_wconf 77' lang='lat' dir='ltr'>Rerum</span> <span class='ocrx_word' id='word_1_243' title='bbox 927 3300 1008 3363; x_wconf 80' lang='lat' dir='ltr'>iuter</span> <span class='ocrx_word' id='word_1_244' title='bbox 1028 3301 1158 3365; x_wconf 74' lang='lat' dir='ltr'>homiues</span> <span class='ocrx_word' id='word_1_245' title='bbox 1179 3301 1352 3386; x_wconf 74' lang='lat' dir='ltr'>culpcrium</span> <span class='ocrx_word' id='word_1_246' title='bbox 1373 3324 1421 3367; x_wconf 82' lang='lat' dir='ltr'>cc·</span> 
     </span>
     <span class='ocr_line' id='line_1_30' title="bbox 373 3388 1223 3485; baseline 0.007 -25"><span class='ocrx_word' id='word_1_247' title='bbox 373 3398 479 3484; x_wconf 69' lang='lat' dir='ltr'>coplas</span> <span class='ocrx_word' id='word_1_248' title='bbox 495 3401 719 3485; x_wconf 64' lang='lat' dir='ltr'>Epicureorum</span> <span class='ocrx_word' id='word_1_249' title='bbox 732 3400 839 3484; x_wconf 68' lang='lat' dir='ltr'>doymo</span> <span class='ocrx_word' id='word_1_250' title='bbox 855 3388 1014 3484; x_wconf 70' lang='lat' dir='ltr'>refellitur.</span> <span class='ocrx_word' id='word_1_251' title='bbox 1052 3404 1104 3466; x_wconf 77' lang='lat' dir='ltr'>Ec</span> <span class='ocrx_word' id='word_1_252' title='bbox 1117 3403 1223 3466; x_wconf 81' lang='lat' dir='ltr'>codam.</span> 
     </span>
    </p>

    <p class='ocr_par' dir='ltr' id='par_1_5' title="bbox 372 3501 1421 3992">
     <span class='ocr_line' id='line_1_31' title="bbox 418 3501 1420 3590; baseline 0.005 -26"><span class='ocrx_word' id='word_1_253' title='bbox 418 3501 500 3565; x_wconf 92' lang='lat' dir='ltr'>Ibid.</span> <span class='ocrx_word' id='word_1_254' title='bbox 516 3501 536 3565; x_wconf 94' lang='lat' dir='ltr'>l.</span> <span class='ocrx_word' id='word_1_255' title='bbox 554 3523 603 3587; x_wconf 87' lang='lat'>13.</span> <span class='ocrx_word' id='word_1_256' title='bbox 627 3504 675 3565; x_wconf 85' lang='grc' dir='ltr'>καὶ</span> <span class='ocrx_word' id='word_1_257' title='bbox 699 3502 761 3565; x_wconf 85' lang='grc' dir='ltr'>καθ’</span> <span class='ocrx_word' id='word_1_258' title='bbox 779 3502 880 3586; x_wconf 85' lang='grc' dir='ltr'>ἑαυτὸ]</span> <span class='ocrx_word' id='word_1_259' title='bbox 900 3505 949 3567; x_wconf 91' lang='lat' dir='ltr'>Ut</span> <span class='ocrx_word' id='word_1_260' title='bbox 972 3504 1023 3567; x_wconf 89' lang='lat' dir='ltr'>hic</span> <span class='ocrx_word' id='word_1_261' title='bbox 1041 3504 1151 3567; x_wconf 91' lang='lat' dir='ltr'>addidi</span> <span class='ocrx_word' id='word_1_262' title='bbox 1169 3505 1357 3590; x_wconf 90' lang='lat' dir='ltr'>particulam</span> <span class='ocrx_word' id='word_1_263' title='bbox 1373 3506 1420 3569; x_wconf 76' lang='grc' dir='ltr'>καὶ</span> 
     </span>
     <span class='ocr_line' id='line_1_32' title="bbox 374 3604 1421 3688; baseline 0.003 -20"><span class='ocrx_word' id='word_1_264' title='bbox 374 3628 414 3668; x_wconf 87' lang='lat' dir='ltr'>ex</span> <span class='ocrx_word' id='word_1_265' title='bbox 436 3607 532 3669; x_wconf 61' lang='lat' dir='ltr'>Meto</span> <span class='ocrx_word' id='word_1_266' title='bbox 556 3605 629 3669; x_wconf 80' lang='lat' dir='ltr'>Ooll.</span> <span class='ocrx_word' id='word_1_267' title='bbox 653 3605 687 3667; x_wconf 78' lang='lat' dir='ltr'>S.</span> <span class='ocrx_word' id='word_1_268' title='bbox 702 3604 794 3666; x_wconf 81' lang='lat' dir='ltr'>Jooa.</span> <span class='ocrx_word' id='word_1_269' title='bbox 819 3604 1029 3688; x_wconf 84' lang='lat' dir='ltr'>desumptam,</span> <span class='ocrx_word' id='word_1_270' title='bbox 1046 3606 1090 3669; x_wconf 88' lang='lat' dir='ltr'>sic</span> <span class='ocrx_word' id='word_1_271' title='bbox 1113 3606 1210 3669; x_wconf 88' lang='lat' dir='ltr'>etiam</span> <span class='ocrx_word' id='word_1_272' title='bbox 1232 3613 1307 3670; x_wconf 88' lang='lat' dir='ltr'>aute</span> <span class='ocrx_word' id='word_1_273' title='bbox 1330 3629 1421 3671; x_wconf 87' lang='lat' dir='ltr'>voces</span> 
     </span>
     <span class='ocr_line' id='line_1_33' title="bbox 374 3704 1419 3793; baseline 0.004 -25"><span class='ocrx_word' id='word_1_274' title='bbox 374 3706 434 3769; x_wconf 75' lang='grc' dir='ltr'>εἶδε</span> <span class='ocrx_word' id='word_1_275' title='bbox 460 3710 528 3788; x_wconf 78' lang='grc' dir='ltr'>γὰρ,</span> <span class='ocrx_word' id='word_1_276' title='bbox 552 3707 686 3770; x_wconf 89' lang='lat' dir='ltr'>eandem</span> <span class='ocrx_word' id='word_1_277' title='bbox 709 3704 845 3780; x_wconf 88' lang='lat' dir='ltr'>restitui,</span> <span class='ocrx_word' id='word_1_278' title='bbox 869 3727 965 3790; x_wconf 86' lang='lat' dir='ltr'>quam</span> <span class='ocrx_word' id='word_1_279' title='bbox 991 3706 1090 3771; x_wconf 86' lang='lat' dir='ltr'>habet</span> <span class='ocrx_word' id='word_1_280' title='bbox 1118 3718 1152 3772; x_wconf 92' lang='lat' dir='ltr'>et</span> <span class='ocrx_word' id='word_1_281' title='bbox 1180 3709 1220 3771; x_wconf 82' lang='lat' dir='ltr'>R.</span> <span class='ocrx_word' id='word_1_282' title='bbox 1237 3709 1419 3793; x_wconf 73' lang='lat' dir='ltr'>Stephanus,</span> 
     </span>
     <span class='ocr_line' id='line_1_34' title="bbox 373 3807 1420 3896; baseline 0.007 -28"><span class='ocrx_word' id='word_1_283' title='bbox 373 3807 463 3890; x_wconf 88' lang='lat' dir='ltr'>cujus</span> <span class='ocrx_word' id='word_1_284' title='bbox 488 3808 634 3891; x_wconf 88' lang='lat' dir='ltr'>princeps</span> <span class='ocrx_word' id='word_1_285' title='bbox 656 3808 756 3871; x_wconf 90' lang='lat' dir='ltr'>editio</span> <span class='ocrx_word' id='word_1_286' title='bbox 785 3815 846 3872; x_wconf 84' lang='lat' dir='ltr'>est.</span> <span class='ocrx_word' id='word_1_287' title='bbox 895 3811 951 3872; x_wconf 84' lang='lat' dir='ltr'>Kal</span> <span class='ocrx_word' id='word_1_288' title='bbox 976 3809 1040 3873; x_wconf 85' lang='grc' dir='ltr'>καθ’</span> <span class='ocrx_word' id='word_1_289' title='bbox 1067 3811 1153 3875; x_wconf 80' lang='grc' dir='ltr'>ἑαυτὸ</span> <span class='ocrx_word' id='word_1_290' title='bbox 1179 3819 1336 3896; x_wconf 84' lang='lat' dir='ltr'>praestant</span> <span class='ocrx_word' id='word_1_291' title='bbox 1360 3812 1420 3875; x_wconf 84' lang='lat' dir='ltr'>duo</span> 
     </span>
     <span class='ocr_line' id='line_1_35' title="bbox 372 3909 719 3992; baseline 0.003 -21"><span class='ocrx_word' id='word_1_292' title='bbox 372 3910 472 3971; x_wconf 73' lang='lat' dir='ltr'>MSS.</span> <span class='ocrx_word' id='word_1_293' title='bbox 492 3909 719 3992; x_wconf 79' lang='lat' dir='ltr'>Goisfordiaai.</span> 
     </span>
    </p>

    <p class='ocr_par' dir='ltr' id='par_1_6' title="bbox 371 4009 1420 4403">
     <span class='ocr_line' id='line_1_36' title="bbox 417 4009 1420 4101; baseline 0.007 -28"><span class='ocrx_word' id='word_1_294' title='bbox 417 4010 455 4073; x_wconf 93' lang='lat' dir='ltr'>P.</span> <span class='ocrx_word' id='word_1_295' title='bbox 467 4012 540 4094; x_wconf 85' lang='lat'>396.</span> <span class='ocrx_word' id='word_1_296' title='bbox 563 4009 584 4073; x_wconf 89' lang='lat' dir='ltr'>l.</span> <span class='ocrx_word' id='word_1_297' title='bbox 600 4031 625 4073; x_wconf 91' lang='lat'>1.</span> <span class='ocrx_word' id='word_1_298' title='bbox 650 4014 872 4091; x_wconf 70' lang='grc' dir='ltr'>νουθετοῦνται]</span> <span class='ocrx_word' id='word_1_299' title='bbox 896 4013 1015 4077; x_wconf 89' lang='lat' dir='ltr'>Deesse</span> <span class='ocrx_word' id='word_1_300' title='bbox 1037 4014 1156 4099; x_wconf 92' lang='lat' dir='ltr'>aliquid</span> <span class='ocrx_word' id='word_1_301' title='bbox 1176 4015 1302 4079; x_wconf 91' lang='lat' dir='ltr'>videtur</span> <span class='ocrx_word' id='word_1_302' title='bbox 1320 4015 1420 4101; x_wconf 89' lang='lat' dir='ltr'>[edita</span> 
     </span>
     <span class='ocr_line' id='line_1_37' title="bbox 371 4111 1419 4197; baseline 0.004 -21"><span class='ocrx_word' id='word_1_303' title='bbox 371 4111 466 4176; x_wconf 87' lang='lat' dir='ltr'>lectio</span> <span class='ocrx_word' id='word_1_304' title='bbox 487 4111 593 4174; x_wconf 87' lang='lat' dir='ltr'>suerat</span> <span class='ocrx_word' id='word_1_305' title='bbox 615 4113 861 4197; x_wconf 55' lang='lat' dir='ltr'>vendendorum:</span> <span class='ocrx_word' id='word_1_306' title='bbox 886 4114 1025 4197; x_wconf 88' lang='lat' dir='ltr'>pendent</span> <span class='ocrx_word' id='word_1_307' title='bbox 1045 4116 1129 4178; x_wconf 92' lang='lat' dir='ltr'>enim</span> <span class='ocrx_word' id='word_1_308' title='bbox 1151 4115 1225 4189; x_wconf 88' lang='lat' dir='ltr'>ista,</span> <span class='ocrx_word' id='word_1_309' title='bbox 1244 4137 1301 4179; x_wconf 89' lang='lat' dir='ltr'>uec</span> <span class='ocrx_word' id='word_1_310' title='bbox 1323 4116 1419 4180; x_wconf 84' lang='lat' dir='ltr'>verbo</span> 
     </span>
     <span class='ocr_line' id='line_1_38' title="bbox 371 4214 1417 4302; baseline 0.004 -24"><span class='ocrx_word' id='word_1_311' title='bbox 371 4215 435 4279; x_wconf 90' lang='lat' dir='ltr'>ullo</span> <span class='ocrx_word' id='word_1_312' title='bbox 459 4214 640 4278; x_wconf 79' lang='lat' dir='ltr'>fulciuntur.</span> <span class='ocrx_word' id='word_1_313' title='bbox 685 4214 767 4295; x_wconf 79' lang='lat' dir='ltr'>Quid</span> <span class='ocrx_word' id='word_1_314' title='bbox 790 4215 816 4279; x_wconf 91' lang='lat' dir='ltr'>si</span> <span class='ocrx_word' id='word_1_315' title='bbox 840 4218 872 4293; x_wconf 76' lang='grc' dir='ltr'>ἐξ</span> <span class='ocrx_word' id='word_1_316' title='bbox 896 4218 947 4292; x_wconf 82' lang='grc' dir='ltr'>ὧν,</span> <span class='ocrx_word' id='word_1_317' title='bbox 971 4217 1056 4301; x_wconf 89' lang='lat' dir='ltr'>quod</span> <span class='ocrx_word' id='word_1_318' title='bbox 1077 4216 1220 4302; x_wconf 87' lang='lat' dir='ltr'>sequitur</span> <span class='ocrx_word' id='word_1_319' title='bbox 1239 4218 1306 4300; x_wconf 91' lang='lat' dir='ltr'>(lin.</span> <span class='ocrx_word' id='word_1_320' title='bbox 1322 4219 1417 4299; x_wconf 86' lang='lat' dir='ltr'>aad),</span> 
     </span>
     <span class='ocr_line' id='line_1_39' title="bbox 371 4316 1416 4403; baseline 0.003 -21"><span class='ocrx_word' id='word_1_321' title='bbox 371 4317 556 4383; x_wconf 68' lang='lat' dir='ltr'>tolleretur?</span> <span class='ocrx_word' id='word_1_322' title='bbox 578 4316 662 4397; x_wconf 80' lang='lat' dir='ltr'>Quid</span> <span class='ocrx_word' id='word_1_323' title='bbox 684 4317 710 4380; x_wconf 84' lang='lat' dir='ltr'>si</span> <span class='ocrx_word' id='word_1_324' title='bbox 733 4325 806 4403; x_wconf 81' lang='lat' dir='ltr'>post</span> <span class='ocrx_word' id='word_1_325' title='bbox 828 4318 1074 4399; x_wconf 80' lang='grc' dir='ltr'>παραδειγμάτων</span> <span class='ocrx_word' id='word_1_326' title='bbox 1095 4320 1268 4384; x_wconf 85' lang='lat' dir='ltr'>adderetur</span> <span class='ocrx_word' id='word_1_327' title='bbox 1289 4328 1416 4401; x_wconf 78' lang='grc' dir='ltr'>φιλοσο·</span> 
     </span>
    </p>
   </div>
   <div class='ocr_carea' id='block_1_3' title="bbox 0 0 1626 5150">
    <p class='ocr_par' dir='ltr' id='par_1_7' title="bbox 0 0 1626 5150">
     <span class='ocr_line' id='line_1_40' title="bbox 0 0 1626 5150; baseline 0 2"><span class='ocrx_word' id='word_1_328' title='bbox 0 0 1626 5150; x_wconf 95' lang='lat' dir='ltr'> </span> 
     </span>
    </p>
   </div>
  </div>
 </body>
</html>
