3242 5150
393 407 444 469 IN
470 409 501 469 S.
521 408 665 472 PETRI
693 409 840 472 ALEX.
862 409 1181 474 FRAGMENTA.
1270 411 1313 476 79

265 573 484 652 Octamccbam,
494 597 548 640 sen
559 577 664 662 potius
673 578 919 663 Heptateuchum,
931 576 1046 641 Latine
1055 583 1181 641 tantum
1191 583 1311 654 extare,

263 678 373 764 Tiguri
390 699 398 742 ι
405 696 425 763 5
427 699 481 764 55.
527 679 675 745 Conrado
695 681 826 746 Olusero
845 681 1021 765 interprete
1041 701 1200 744 excusam.
1217 678 1311 743 (lons.

263 780 351 847 (lavii
365 783 449 847 Hm.
470 783 532 846 Lit.
551 791 629 847 tom.
652 783 672 847 i.
692 805 722 868 p.
740 801 815 868 504
836 790 870 847 et
889 799 964 866 505.
1010 781 1073 846 Sed
1095 788 1204 846 tamen
1226 781 1313 845 haud

264 884 394 948 inveniri
409 905 502 967 posse
521 883 743 949 affinnaverim
760 885 960 969 Procopiana
979 885 1068 949 istaeo
1087 884 1119 948 in
1140 887 1257 948 Ccteac
1278 885 1313 947 iu

266 987 485 1062 Octeteuaham,
512 1010 608 1071 quam
633 987 666 1050 in
691 987 815 1050 duobus
838 987 952 1072 amplia
975 987 1184 1051 voluminibus
1213 985 1314 1050 edidit

265 1088 380 1173 Lipsiae
409 1110 494 1152 anno
526 1107 616 1171 ¹772·
662 1088 792 1152 Graecus
821 1089 995 1152 monachus
1023 1088 1229 1173 Nicephorus,
1260 1087 1313 1172 qui

264 1190 368 1275 operis
390 1191 581 1276 Procopieni
603 1190 711 1255 codice
733 1190 847 1254 Graeco
864 1190 962 1255 MSto
983 1191 1016 1253 in
1038 1191 1177 1255 texenda
1192 1191 1315 1255 Gatena

264 1315 356 1356 usum
371 1316 405 1357 se
420 1301 560 1358 testatus
575 1300 634 1357 est.

309 1395 346 1458 P.
357 1396 437 1480 5ο.1.
454 1417 502 1459 20.
515 1394 718 1482 Ephremius]
731 1393 769 1457 In
781 1396 885 1479 priore
897 1395 1002 1458 saeculi
1013 1396 1095 1459 sexti
1105 1401 1197 1479 parte
1206 1393 1314 1457 floruit

264 1497 315 1561 hio
331 1498 476 1581 scriptor.
522 1500 615 1563 (lons.
632 1497 719 1563 Oavii
734 1498 817 1561 Hac.
834 1497 900 1560 Lic.
918 1496 976 1560 vol.
993 1496 1014 1560 i.

309 1601 349 1662 P.
357 1619 411 1683 51·
427 1600 446 1663 l.
469 1601 748 1686 coepiscoporum
764 1609 797 1663 et
813 1606 989 1682 martyrum
1003 1595 1154 1683 epistola]
1180 1597 1260 1661 (lum
1275 1597 1315 1659 de

265 1701 357 1778 istac,
380 1710 448 1767 tum
476 1703 515 1766 de
540 1705 638 1788 ipsius
661 1702 750 1768 Petri
773 1701 919 1786 epistola,
941 1702 983 1764 ad
1010 1701 1041 1765 S.
1060 1702 1189 1764 Pnrnnn
1215 1699 1315 1783 Frag-

265 1812 373 1869 menta
395 1827 470 1869 mox
494 1805 626 1871 dicetur.
672 1805 721 1869 Ibi
747 1812 917 1890 postquam
943 1806 1100 1889 producta
1120 1810 1170 1868 est
1186 1802 1315 1888 Episco-

266 1929 378 1992 pomm
398 1908 557 1993 Epistola,
580 1909 686 1996 posuit
711 1916 787 1973 ante
814 1906 904 1971 Petri
923 1906 1009 1970 illam
1034 1906 1130 1970 verba
1149 1903 1316 1989 sequentia

264 2019 378 2076 auctor
400 2011 584 2098 Fragmenti
608 2011 761 2076 Maffcani
787 2011 828 2074 de
852 2009 1030 2074 Schismate
1056 2007 1314 2082 Meletienoram,

264 2113 325 2177 Hie
345 2115 471 2198 apathia,
494 2116 536 2180 B.
552 2118 665 2180 Peme
686 2138 755 2180 crem
776 2113 875 2178 maha
889 2115 1046 2199 patientia
1060 2113 1174 2199 populo
1194 2114 1316 2198 scripsit

265 2215 476 2280 Alexandrina
501 2219 658 2303 epistotam
682 2218 735 2282 doc
760 2217 866 2280 mado:
899 2215 1076 2280 PETRUS
1103 2217 1135 2279 in
1163 2216 1227 2280 lide
1252 2215 1315 2280 Dei

264 2315 424 2391 stabilitis,
440 2319 497 2383 &a

309 2417 401 2482 Nunc
430 2420 574 2505 sequitur
601 2421 687 2485 aliud
714 2421 874 2506 quoddam
899 2421 1140 2506 Fragmentum,
1164 2421 1197 2483 in
1222 2425 1315 2484 textu

265 2517 351 2584 haud
362 2520 512 2606 positum,
523 2522 575 2587 hic
586 2544 671 2601 vero,
681 2522 831 2609 quoniam
843 2521 1111 2589 soleauetoritate
1126 2521 1316 2586 scholiorum

265 2624 464 2708 quorundam
479 2626 588 2689 nixum
603 2634 662 2699 est.
679 2626 764 2690 inter
774 2625 1000 2689 annotationes
1014 2647 1102 2689 meas
1116 2624 1315 2699 collocatum,

268 2746 307 2789 ne
322 2726 416 2791 cartis
431 2727 533 2792 minus
548 2734 637 2791 certa
645 2727 906 2791 admiscerentur.
930 2726 981 2790 Ex
991 2726 1072 2789 libro
1083 2727 1116 2789 S.
1126 2725 1217 2789 Petri
1230 2724 1315 2788 Alae-

265 2827 397 2890 audaci
421 2828 457 2891 dc
478 2830 687 2915 Blaephcmic,
710 2837 805 2915 prout
828 2852 862 2893 se
884 2828 947 2893 lert
970 2828 1090 2904 titulus,
1114 2828 1316 2911 desumptum

265 2937 327 3007 eat,
352 2930 385 2993 in
408 2952 484 2995 treus
506 2954 593 2995 meos
619 2955 658 2997 ex
680 2933 787 2997 codice
814 2932 867 2996 illo
894 2931 1093 2995 bibliotheca
1116 2929 1316 2995 Ooislinianoe

268 3033 376 3097 268.a
398 3032 438 3097 cl.
456 3033 637 3100 Boisonado
659 3035 864 3120 descriptum,
888 3034 942 3119 qui
965 3034 1049 3098 inter
1069 3033 1133 3097 alia
1154 3032 1316 3117 opuscula,

266 3140 349 3198 teste
364 3135 607 3200 Montfauconio
624 3158 722 3223 pag-3
733 3158 739 3199 ι
750 3155 779 3201 2.
805 3136 956 3221 Catalapi,
968 3137 1073 3199 Iroaci
1084 3137 1160 3218 Syri
1175 3135 1315 3199 contine-

266 3235 324 3300 bat
344 3238 507 3313 semona,
527 3240 616 3323 cujus
638 3238 835 3323 marginibus
857 3238 1019 3322 adscripta
1041 3238 1170 3301 luerunt
1190 3235 1317 3300 Scholia

264 3360 306 3401 ex
337 3339 446 3404 multis
471 3342 626 3425 patribus,
655 3361 789 3425 quorum
812 3362 928 3425 agmen
953 3340 1121 3405 claudebat
1148 3338 1179 3402 S.
1198 3339 1316 3403 Petrus

267 3440 511 3507 Alexandrinus.
557 3443 686 3507 Nullum
715 3442 811 3507 alium
840 3445 969 3506 Petrum
996 3450 1114 3526 praeter
1143 3450 1316 3524 martyrem

267 3550 409 3605 nostrum
425 3542 457 3606 in
472 3550 578 3607 mente
593 3544 741 3609 habuisse
757 3544 929 3619 falsarium,
946 3544 1082 3606 simodo
1105 3542 1232 3607 fallaces
1252 3541 1316 3604 sint

267 3643 314 3706 hae
330 3666 458 3721 merces,
475 3647 616 3711 ostendit
635 3646 764 3723 mentio,
780 3668 852 3730 quoe
872 3645 909 3709 fit
925 3644 1096 3729 Paphnutii
1120 3640 1316 3707 confessoris.

173 3822 176 3826 Ι
269 3746 469 3830 Paphnutius
498 3749 581 3811 enim
611 3749 806 3813 confessione
830 3747 948 3811 Christi
973 3746 1098 3822 nobilis,
1124 3746 1200 3809 dum
1229 3744 1317 3826 apud

266 3858 375 3932 patres
391 3848 537 3914 Nicaenos
552 3858 695 3915 versatus
714 3859 796 3926 erat,
812 3850 1006 3925 clericorum,
1023 3849 1076 3933 qni
1096 3856 1172 3913 ante
1191 3847 1317 3911 ordina·

267 3948 385 4013 tionem
406 3953 556 4036 conjuges
576 3953 717 4029 luissent,
734 3960 854 4017 coactae
873 3952 1075 4016 abstinentiae
1095 3950 1187 4014 bonis
1206 3948 1317 4013 avibus

267 4050 404 4130 obstitit,
427 4074 493 4117 rem
516 4055 720 4119 narrantibus
742 4056 902 4119 historicis
919 4053 1149 4130 ecclesiasticis,
1170 4052 1224 4137 qui
1244 4060 1318 4136 post

268 4152 440 4219 Eusebium
455 4156 641 4222 floruerunt.
687 4159 814 4223 Nomen
830 4144 898 4244 ejus
913 4158 998 4222 inter
1012 4157 1177 4242 episcopos
1191 4156 1317 4239 AEgyp-

267 4254 339 4330 tius,
357 4257 409 4338 qai
427 4258 557 4323 Nicaeuo
572 4261 703 4325 concilio
722 4262 908 4336 intererant,
924 4260 956 4323 in
972 4259 1127 4342 Oetalogo
1148 4256 1202 4320 illo
1224 4276 1317 4340 quem

267 4355 304 4420 cl.
318 4356 484 4424 Morellius
499 4383 600 4448 nuper
615 4364 725 4440 edidit,
742 4371 917 4448 comparet,
930 4362 1012 4447 quod
1029 4359 1156 4444 quidem
1167 4379 1205 4421 eo
1216 4356 1317 4440 magis
