3242 5150
367 387 432 448 348
596 384 630 445 S.
656 381 900 445 PAMPHILI
925 379 1185 444 MARTYRIS

367 555 580 638 mendumque
601 573 779 617 sermonem
798 550 939 616 sufficere
962 571 1026 614 non
1047 554 1191 635 possunt,
1207 549 1284 612 illud
1304 548 1420 612 saltem

368 663 576 748 contemplari
599 662 787 737 debuerant,
803 668 956 746 quantam
974 660 1098 724 ridendi
1117 659 1286 724 materiam
1306 659 1418 724 Genti·

367 774 462 849 libus,
481 779 697 858 quantamque
718 772 877 838 hoereticis
899 770 1083 855 praebeant3
1107 791 1179 834 aum
1200 791 1348 855 eosquos
1369 790 1421 834 as-

368 890 507 947 sertores
522 880 697 945 Christiani
719 880 879 965 dogmatis
901 884 935 942 et
957 878 1138 944 defensores
1157 878 1327 962 putabunt,
1348 900 1422 942 con·

368 991 468 1058 lutari
491 1013 575 1056 nuno
597 991 736 1064 videant,
761 997 796 1054 et
817 990 916 1054 refelli
942 1013 963 1054 a
987 990 1144 1074 propriis;
1168 997 1202 1054 et
1228 989 1314 1054 velut
1339 987 1420 1053 civili

369 1103 452 1167 bello
466 1103 629 1186 gaudeant
640 1102 874 1186 impugnatum,
885 1123 978 1185 quem
994 1100 1053 1185 ipsi
1065 1099 1225 1164 hostiliter
1234 1099 1422 1185 impugnare

370 1234 434 1277 uon
462 1219 622 1297 poterant.
679 1211 836 1293 Quoniam
865 1233 942 1295 ergo
974 1209 1197 1296 quamplurimi
1229 1231 1271 1274 ex
1304 1209 1423 1295 simpli·

370 1320 508 1385 cioribus
528 1320 703 1405 quibusque
724 1318 879 1384 iratribus
898 1341 917 1381 a
938 1340 1035 1403 supra
1055 1317 1150 1382 dictis
1171 1316 1342 1392 laeduutur,
1358 1337 1423 1379 non

370 1429 473 1495 solum
494 1431 534 1493 de
556 1429 606 1492 his
621 1428 675 1513 qui
697 1429 737 1491 de
758 1428 828 1512 ipso
850 1427 932 1492 male
950 1427 1105 1503 sentiunt,
1120 1427 1175 1490 sed
1196 1425 1294 1490 etiam
1312 1426 1352 1489 de
1372 1425 1423 1489 his

370 1541 424 1626 qui
447 1540 554 1605 studio
576 1538 716 1602 scientiae
731 1545 765 1602 et
787 1537 1063 1623 intelligendarum
1081 1536 1319 1621 scripturarum
1338 1534 1425 1600 inter

371 1657 505 1714 oaeteros
525 1649 622 1714 libros
637 1648 734 1712 etiam
756 1647 855 1731 ipsius
874 1647 994 1731 scripta
1014 1645 1230 1732 conspiciunt;
1256 1645 1303 1710 ita
1317 1651 1355 1710 ut
1368 1665 1424 1708 vos

371 1780 498 1842 quoque
519 1758 580 1841 ipsi
602 1758 784 1820 indubium
799 1756 969 1828 veneritis;
993 1777 1034 1820 ne
1053 1756 1137 1821 forte
1159 1756 1207 1820 vel
1227 1754 1423 1820 multitudini

372 1869 420 1933 vol
435 1869 621 1932 auctoritati
636 1868 901 1932 calumniatorum
919 1868 998 1930 fides
1018 1867 1135 1930 debeat
1155 1865 1299 1931 adhiberi
1314 1867 1355 1930 de
1374 1864 1425 1928 his

373 1999 443 2063 quae
467 1978 584 2061 passim
608 1977 675 2039 sine
698 1976 761 2039 ullo
784 1985 930 2061 respectu
957 1976 1179 2040 diffamantur:
1211 1975 1312 2038 visum
1333 1973 1426 2036 nobis

372 2094 432 2164 est,
462 2087 722 2171 primoquidem
752 2109 864 2152 curare
894 2087 1103 2172 suspicionem
1133 2093 1292 2157 vestram
1332 2083 1426 2148 simul

372 2197 470 2260 etiam
497 2218 553 2279 per
579 2197 776 2260 occasionem
805 2198 912 2274 vestri,
940 2197 1080 2261 omnium
1105 2197 1160 2282 qui
1185 2195 1216 2260 ei
1241 2195 1427 2260 obtrectant

374 2307 539 2371 confutare
567 2307 751 2371 calumnias
808 2309 900 2389 Quod
930 2309 977 2372 ita
1010 2307 1101 2371 nohis
1132 2305 1280 2392 prosequi
1309 2304 1427 2368 rectius

374 2419 473 2481 visum
485 2423 544 2493 est,
557 2422 595 2480 ut
609 2438 671 2478 non
685 2419 802 2480 nostris
816 2417 918 2480 verbis
929 2423 962 2480 et
974 2416 1201 2481 assertionibus
1213 2413 1427 2479 defensionem

374 2549 532 2614 paremus,
553 2527 608 2591 sed
632 2548 673 2591 ex
697 2528 762 2591 suis
784 2528 922 2613 propriis
944 2527 1082 2601 vocibus,
1101 2527 1216 2613 quibus
1236 2526 1303 2613 ipse
1324 2526 1428 2591 aliena

374 2639 434 2703 eibi
448 2640 516 2703 haec
531 2660 610 2716 esse,
626 2638 766 2722 qureisti
786 2638 953 2721 objiciunt,
969 2638 1097 2722 proprio
1118 2658 1262 2701 sermone
1276 2642 1426 2713 testatur,

374 2749 407 2811 id
423 2758 482 2824 est,
495 2770 588 2811 omne
600 2747 749 2832 quioquid
764 2755 883 2830 praeter
894 2747 990 2810 fidem
1002 2746 1203 2812 Catholicem
1215 2746 1427 2832 praedicatur:

376 2858 451 2942 quia
474 2857 500 2919 si
527 2857 645 2919 nostris
670 2857 776 2920 verbis
801 2858 868 2919 haec
893 2877 1034 2919 asserere
1058 2856 1197 2932 velimus,
1221 2856 1428 2939 suspiciosum

375 2968 474 3030 videri
495 2968 578 3031 forte
598 2968 717 3050 possit;
743 2969 886 3051 eoquod
910 2990 968 3031 uos
990 2989 1099 3031 umore
1120 2968 1188 3051 ejus
1210 2968 1237 3031 si
1259 2966 1335 3051 quid
1361 2966 1428 3050 ipse

376 3097 473 3157 pravo
488 3076 623 3138 senserit
636 3075 850 3139 celaverimus.
898 3077 963 3139 Ubi
982 3085 1091 3141 autem
1107 3077 1175 3159 ejus
1194 3076 1293 3160 ipsius
1308 3075 1361 3159 qui
1376 3097 1428 3139 ae·

377 3191 508 3247 cusatur
532 3184 659 3247 vocibus
681 3184 812 3259 utimur,
834 3194 867 3251 et
889 3188 932 3250 nd
955 3210 1063 3251 omues
1083 3186 1277 3271 objectiones
1297 3206 1427 3249 mouea-

375 3302 483 3357 tornm
498 3293 564 3356 snis
577 3294 681 3356 verbis
699 3312 782 3371 eum,
797 3316 861 3357 uon
882 3304 993 3363 nostra
1013 3297 1189 3361 assertione
1208 3294 1426 3367 defendimusa

377 3422 448 3486 quae
473 3400 559 3465 ultra
581 3402 714 3487 relinqui
737 3411 846 3489 potest
872 3406 1101 3471 criminationis
1127 3405 1262 3481 occasio,
1285 3404 1430 3468 *saltem

376 3511 427 3581 his
450 3511 527 3596 ipsis
550 3512 603 3596 qui
626 3534 689 3577 nou
711 3514 777 3577 veri
803 3517 920 3591 studio,
945 3518 999 3581 sed
1024 3517 1111 3581 velut
1136 3516 1266 3581 libidine
1290 3514 1430 3598 quadam

378 3622 526 3707 culpandi
541 3646 666 3709 senrper
680 3626 867 3711 agitantur!
890 3628 935 3693 Et
951 3628 1099 3713 quoniam
1115 3628 1155 3691 do
1170 3649 1208 3691 eo
1228 3647 1311 3689 nune
1326 3644 1430 3689 sermo

377 3741 438 3808 est,
465 3734 518 3817 qni
544 3735 655 3818 utique
680 3738 766 3821 apud
791 3738 934 3802 homines
961 3738 1128 3802 defunctus
1155 3745 1214 3814 est,
1242 3736 1317 3819 quid
1343 3733 1430 3819 apud

378 3862 487 3903 omues
504 3842 627 3925 judices
643 3866 701 3927 pro
716 3846 867 3910 defuncto
882 3846 996 3911 fortius
1012 3855 1046 3912 et
1068 3847 1189 3911 firmius
1203 3846 1307 3910 valere
1323 3845 1429 3921 debet,

379 3970 474 4033 quam
490 3957 523 4013 et
538 3950 654 4014 litterae
670 3961 704 4017 et
719 3956 838 4039 scripta
853 3958 1014 4022 defuncti?

424 4057 618 4141 Incipientes
637 4059 734 4145 igitur
754 4064 878 4127 indiciis
899 4066 1090 4150 scriptorum
1111 4086 1239 4129 suorum
1263 4061 1431 4127 ostendere

542 4284 556 4311 ³
568 4280 669 4343 (Saltem
681 4283 796 4332 inarsitnte
807 4285 922 4346 seriptum
935 4301 978 4347 pro
990 4284 1076 4345 solnm,
1088 4284 1143 4333 vide
1157 4282 1267 4346 Leuius.)
