3242 5150
377 378 442 444 368
615 379 647 442 S.
671 378 916 443 PAMPHILI
940 380 1200 446 MARTYRIS

420 571 449 634 9.
461 549 588 614 Ultima
597 570 673 613 vero
684 549 824 612 omnium
836 555 886 614 est
897 548 1075 614 oriminatio
1085 549 1148 630 illa,
1165 571 1236 636 quas
1251 573 1323 616 oum
1339 555 1428 618 omni

376 659 584 726 infamatione
598 658 801 744 dispergitur,
816 661 1119 740 μετευσωματῶσεως,
1140 659 1173 724 id
1187 667 1250 740 est,
1265 663 1351 746 quod
1368 663 1428 727 hu-

376 792 489 834 manas
502 769 626 834 animas
640 769 673 832 in
686 775 778 834 muta
793 767 952 842 animalia,
969 769 1018 832 vel
1032 777 1209 855 serpentes,
1222 771 1272 835 vel
1289 772 1428 856 pecudes

376 886 500 946 asserat
515 878 723 944 transmutari
738 885 813 963 post
832 885 979 954 mortem,
995 884 1028 942 et
1044 880 1130 963 quod
1149 880 1247 944 etiam
1266 881 1343 965 ipsae
1357 903 1428 945 mu-

376 999 483 1057 torum
497 990 680 1055 animalium
695 989 809 1053 animae
825 989 1031 1053 rationabiles
1046 988 1120 1053 sint.
1165 989 1268 1070 Quam
1279 990 1428 1056 erimina·

377 1103 497 1166 tionem
507 1100 624 1164 ideireo
638 1100 840 1164 novissimam
854 1099 1026 1184 posuimus,
1041 1105 1079 1163 ut
1093 1100 1185 1184 plura
1199 1100 1240 1163 de
1253 1101 1341 1164 libris
1357 1102 1428 1186 ejus

379 1211 619 1277 lcoacervantes
633 1209 780 1294 exempla
792 1209 969 1274 evidentius
984 1209 1053 1294 ejus
1067 1209 1190 1273 falsitas
1200 1217 1395 1274 nosoeretur.

422 1321 457 1386 si
482 1342 559 1406 ergo
579 1319 661 1384 bene
684 1318 883 1382 meminimus
908 1317 1027 1382 ordinis
1051 1319 1306 1384 criminationum
1331 1341 1427 1405 quem

378 1453 475 1517 supra
488 1429 742 1515 conseripsimus,
755 1428 942 1515 incipiamus
956 1451 977 1493 a
991 1429 1104 1514 prima.

569 1629 747 1715 Responsio
761 1629 803 1693 ad
818 1628 953 1711 primam
968 1627 1229 1694 oriminationem.

379 1758 471 1839 Quod
482 1778 522 1821 ex
530 1755 603 1820 Deo
615 1758 716 1819 Patre
729 1762 825 1819 natus
841 1760 890 1819 est
906 1753 1018 1828 Filius,
1032 1754 1169 1820 etunius
1181 1760 1231 1818 est
1242 1775 1314 1818 oum
1327 1755 1428 1819 Patre

441 1865 646 1930 substantiae:
668 1863 790 1927 alienus
803 1883 879 1927 vero
893 1885 915 1927 a
928 1863 1115 1927 substantiis
1130 1871 1357 1928 ereaturarum.

476 1977 527 2039 Ex
542 1975 646 2061 primo
659 1974 741 2038 libro
756 1973 908 2058 Epistolae
922 1975 965 2037 ad
979 1973 1150 2038 Romanos.
1168 1977 1267 2058 (num.
1279 1977 1328 2060 5.)

423 2084 587 2148 Onrssnns.
613 2084 739 2162 Quaerat
755 2083 1171 2168 sortasse—propendere.
1194 2085 1322 2147 Pnnsn.
1374 2084 1428 2147 De

379 2194 497 2260 eisdem
519 2193 552 2256 in
575 2193 686 2277 quinto
706 2192 788 2257 libro
811 2194 851 2258 de
874 2194 1047 2280 Evangelio
1062 2195 1233 2258 seeundum
1255 2195 1428 2259 Joannem.

386 2302 811 2389 Usipetum—adoptione
830 2303 936 2368 Filius
949 2314 1000 2368 eat.
1023 2305 1151 2368 Pnups.
1196 2304 1279 2368 Item
1301 2304 1334 2368 in
1356 2303 1429 2388 ipso

378 2414 471 2478 libro.
494 2416 659 2478 Omma.
711 2413 797 2476 Uasco
810 2413 1020 2499 erpo—filii
1036 2413 1162 2478 Exoelsi
1177 2435 1295 2478 ornnes.

424 2526 619 2587 Psnpnrnns.
645 2523 733 2588 mDe
747 2522 837 2587 libris
857 2521 1010 2607 Epistola
1026 2523 1067 2587 ad
1084 2523 1253 2600 Hebraeos,
1268 2523 1428 2609 quomodo

380 2638 537 2716 ὁμοούσιος
556 2642 695 2699 osteum
715 2636 815 2698 Patre
842 2632 951 2707 Filius,
975 2634 1007 2696 id
1028 2639 1090 2711 est,
1113 2634 1205 2697 unius
1228 2656 1300 2699 oum
1327 2635 1428 2699 Patre

380 2745 578 2823 substantiae,
593 2744 714 2808 alienus
728 2750 837 2809 autem
851 2766 873 2808 a
886 2743 1074 2808 substantiis
1088 2751 1252 2810 creaturae.

423 2856 588 2920 Ossaeam.
600 2855 1114 2941 Iamopomus--proestonts‘or,
1137 2856 1265 2920 Psnsu.
1288 2856 1335 2923 Et
1353 2862 1429 2941 post

318 2946 331 2967 ’
379 2986 481 3051 pausa
495 2968 527 3030 in
542 2966 654 3029 eodem
667 2967 758 3030 libro.
788 2965 953 3029 Onusam.
978 2967 1053 3029 Onm
1068 2964 1427 3050 onwan—purissimo.

380 3077 506 3139 Pinus.
537 3075 583 3140 Et
596 3082 672 3157 post
686 3075 860 3160 aliquanta.
888 3078 1009 3162 Oportet
1023 3076 1257 3141 antem-osl
1268 3098 1371 3161 sopor.

424 3188 617 3249 Pnnnmnns.
641 3185 728 3249 Satis
742 3185 919 3262 manifeste,
932 3202 969 3250 ut
984 3186 1106 3270 opinor,
1120 3192 1154 3251 et
1164 3187 1256 3251 valde
1267 3188 1428 3251 evidenter

380 3305 543 3360 ostensum
571 3301 631 3368 est,
659 3296 744 3379 quod
770 3296 887 3359 Filium
912 3296 973 3361 Dei
1000 3297 1040 3361 de
1064 3296 1134 3381 ipsa
1159 3297 1221 3361 Dei
1246 3297 1428 3363 substantia

379 3414 491 3471 natum
511 3406 640 3483 dixerit,
664 3408 697 3471 id
720 3415 781 3485 est,
802 3409 973 3487 ὀμοούσιον,
993 3408 1078 3493 qnod
1104 3414 1164 3487 est,
1189 3410 1329 3493 ejusdem
1353 3430 1425 3471 cum

381 3519 481 3580 Patre
495 3516 703 3593 substantiae3
724 3525 759 3583 et
773 3540 837 3583 non
851 3540 919 3583 esse
935 3526 1126 3597 creaturam,
1141 3542 1242 3605 neque
1258 3540 1315 3605 per
1328 3520 1426 3603 adop

379 3627 508 3701 tionem,
536 3628 591 3693 sed
617 3635 734 3693 natura
759 3627 876 3692 Filium
901 3649 1020 3706 verum,
1048 3651 1088 3693 ex
1113 3628 1182 3714 ipso
1207 3629 1305 3693 Patre
1329 3649 1426 3713 gene·

379 3743 496 3800 ratum.

423 3844 576 3930 Superest
591 3854 627 3911 ut
641 3854 676 3911 et
690 3849 836 3912 secundae
852 3848 1062 3914 criminationi
1077 3848 1174 3912 illatae
1194 3846 1253 3911 sibi
1273 3844 1315 3909 ab
1335 3866 1426 3909 anou-

379 3953 550 4031 satoribus‚
575 3976 716 4039 pernes
742 3957 870 4041 quidem
896 3958 1028 4043 prolatis
1054 3958 1110 4021 sed
1139 3958 1204 4021 suis
1227 3954 1333 4019 verbis
1358 3954 1426 4037 ipse

379 4064 580 4147 respondeat,
591 4065 714 4129 duobus
729 4067 776 4130 vel
792 4068 896 4131 tribus
910 4066 1099 4132 testimoniis
1110 4064 1272 4143 adhibitis,
1285 4076 1300 4107 ¹¹
1311 4062 1426 4149 quibus

379 4193 506 4256 aequum
521 4180 572 4237 est
585 4175 757 4238 secundum
772 4176 874 4261 legem
889 4186 1031 4241 nostram
1046 4198 1139 4240 omne
1155 4175 1285 4239 verbum
1299 4181 1396 4239 stare.

442 4331 449 4368 ¹
466 4330 560 4390 (Sermo
570 4339 606 4380 est
619 4332 738 4396 vitiosus.)
884 4344 906 4372 m
916 4332 979 4395 (sor.
993 4335 1044 4398 Ex)
1176 4346 1190 4374 n
1204 4350 1216 4381 s
1230 4335 1285 4383 Gor.
1298 4333 1349 4381 xiii.
1360 4348 1381 4380 r.
