3242 5150
391 412 552 475 GESTA
573 410 706 476 APUD
729 409 1066 477 ZENOPHILUM.
1177 411 1240 478 381

194 580 365 646 Samsurici
383 580 484 645 dixit:
509 584 541 644 A
561 603 623 666 quo
642 581 780 646 audisti?
801 581 912 646 Victor
932 581 1032 646 dixit:
1065 583 1095 646 A
1112 580 1241 646 Silvano

193 690 349 774 episcopo.
390 690 584 775 Zenophilus
610 691 649 754 V.
661 691 697 756 U.
720 691 892 755 maculeris
916 691 1035 755 Victori
1062 691 1161 756 dixit:
1186 691 1242 755 Ab

193 799 263 884 ipso
277 799 396 864 audisti
408 801 493 884 quod
505 801 712 866 tradidisset?
734 800 851 865 Victor
863 801 963 866 dixit:
989 801 1043 869 Ab
1055 801 1124 888 ipsc
1135 800 1242 866 audivi

194 910 278 992 quod
294 911 360 974 suis
374 911 520 975 manibus
531 911 717 976 tradidisset
727 911 806 978 illas.
836 908 1032 996 Zenophilus
1042 912 1082 974 V.
1093 914 1131 975 C.
1142 912 1243 976 dixit:

194 1018 262 1083 Ubi
276 1020 414 1085 audisti?
438 1019 548 1085 Victor
564 1020 666 1084 dixit:
691 1020 732 1083 iu
751 1020 892 1084 basilica.
936 1020 1130 1105 Zenophilus
1149 1019 1244 1087 V.C.

193 1131 366 1196 considetis
387 1131 487 1196 dixit:
512 1131 610 1216 Apud
632 1131 897 1196 Constantinam?
923 1130 1039 1196 Victor
1061 1131 1164 1196 dixit:
1191 1131 1243 1196 Ibi

193 1240 292 1325 coepit
312 1240 431 1325 alioqui
452 1240 604 1326 populum
625 1240 752 1304 dicens:
778 1242 831 1304 De
852 1261 915 1324 quo
938 1240 1049 1304 dicunt
1070 1261 1121 1303 me
1142 1242 1244 1305 tradi-

192 1356 296 1412 torem
311 1371 392 1425 esse,
406 1349 447 1412 de
458 1348 587 1413 lucerna
597 1356 631 1413 et
645 1349 840 1432 capitulatat
863 1348 1057 1431 Zenophilus
1072 1350 1110 1412 V.
1123 1348 1158 1413 0.
1170 1370 1244 1412 oon-

193 1457 308 1520 sulsris
331 1455 532 1520 Nundinario
557 1455 658 1520 dixit:
690 1456 773 1535 Quid
799 1455 886 1519 aliud
912 1464 1006 1540 putas
1033 1477 1073 1519 ex
1098 1455 1149 1519 his
1175 1477 1243 1520 esse

194 1567 419 1649 quaerendum!
441 1563 660 1628 Nundinarius
679 1564 779 1627 dixit:
808 1566 860 1627 De
882 1565 971 1647 cupis
991 1565 1068 1641 fisci,
1084 1564 1155 1650 quis
1175 1565 1246 1630 illes

194 1674 279 1738 tulit.
327 1672 521 1758 Zenophilus
539 1672 616 1738 v.0.
632 1673 807 1738 consularis
823 1674 1024 1739 Nundinario
1039 1675 1138 1740 dixit:
1157 1675 1245 1756 Quas

194 1785 311 1868 cupas?
333 1783 549 1847 Nundinarius
570 1782 670 1846 dixit:
696 1783 735 1845 In
757 1783 877 1868 templo
901 1783 1028 1869 Serapis
1050 1785 1187 1860 inerunt,
1209 1792 1244 1849 et

194 1892 269 1956 tulit
287 1892 357 1956 illas
378 1891 555 1976 Purpurius
577 1891 759 1976 episcopus:
791 1901 919 1956 acetum
942 1893 1027 1975 quod
1049 1891 1241 1971 habueruut,

193 2000 268 2066 tulit
291 2001 369 2065 illud
391 2000 537 2064 Silvanus
558 2000 735 2086 episcopus,
757 2001 896 2066 Dentius
918 2002 1096 2086 presbyter,
1118 2010 1152 2067 et
1176 2005 1243 2067 Lu·

193 2111 313 2177 cianus.
359 2111 552 2197 Zenophilus
579 2112 618 2175 V.
640 2114 679 2176 C.
710 2113 884 2177 consularis
914 2113 1112 2179 Nundinario
1142 2113 1243 2178 dixit:

191 2223 306 2287 Sciunt
331 2223 363 2286 id
389 2223 509 2288 factum
535 2223 590 2309 qui
614 2223 795 2287 adsistunt?
819 2222 1037 2288 Nundinurius
1058 2225 1242 2310 respondit:

194 2332 317 2396 Sciunt.
374 2330 536 2396 Diaconus
563 2331 754 2395 Saturninus
779 2331 881 2394 dixit:
920 2331 1082 2398 Dicebant
1107 2335 1245 2418 majores

193 2443 295 2506 nostri
307 2441 382 2526 quia
392 2442 526 2505 sublatae
539 2448 622 2504 sunt.
653 2440 848 2524 Zenophilus
860 2442 898 2503 V.
909 2440 943 2505 U.
957 2442 1131 2507 consularis
1142 2444 1223 2508 dixit
1236 2469 1243 2507 :

195 2553 228 2614 A
251 2574 314 2636 quo
336 2547 471 2615 sublatae
493 2549 662 2614 dicuutur!
689 2549 880 2613 Saturninus
902 2550 1002 2615 dixit:
1029 2550 1062 2614 A
1085 2552 1245 2637 Purpurio

194 2660 351 2744 episcopo,
368 2667 402 2724 et
415 2667 542 2723 acetum
557 2681 578 2723 a
594 2660 721 2723 Silvano
736 2668 769 2724 et
786 2660 908 2723 Dontio
923 2668 956 2724 et
968 2660 1101 2745 Superio
1115 2663 1245 2747 presby·

195 2768 273 2833 teris
301 2776 335 2833 et
364 2769 508 2832 Lucieno
537 2768 680 2832 diacono.
735 2769 954 2833 Nundineriur
984 2769 1082 2833 dixit:
1123 2770 1245 2855 Viginti

195 2878 285 2942 solies
308 2878 408 2953 dedit,
436 2885 470 2942 et
496 2878 600 2943 sactus
623 2887 673 2944 est
698 2879 866 2964 presbyter
891 2880 1021 2945 Victor!
1054 2880 1245 2945 Saturninus

194 2988 285 3052 dixit.
312 2987 357 3033 δ’
368 2988 495 3053 Etcum
507 2988 636 3065 diceret,
649 2989 842 3072 Zenophilus
853 2990 891 3051 V.
902 2990 938 3055 O.
950 2988 1123 3054 consularis
1135 2991 1246 3055 Satur-

194 3095 269 3160 nino
282 3093 383 3159 dixit:
408 3095 467 3160 Oui
486 3096 596 3159 dedit:
620 3096 811 3160 Saturninus
824 3096 924 3161 dixit:
948 3096 1075 3160 Silvano
1086 3096 1245 3182 episcopo.

194 3204 388 3290 Zenophilus
419 3205 456 3268 V.
475 3204 513 3270 C.
539 3205 713 3269 consularis
741 3206 914 3270 Saturnino
944 3205 1045 3271 dixit:
1086 3205 1182 3291 Ergo,
1208 3214 1246 3271 ut

194 3316 285 3380 fieret
307 3316 483 3400 presbyter,
509 3315 636 3379 Silvano
658 3315 807 3400 episcopo
833 3314 944 3399 viginti
968 3314 1057 3378 folles
1079 3314 1243 3399 praemium

194 3424 303 3490 dedit:
329 3426 520 3490 Saturninus
534 3424 635 3489 dixit:
662 3425 770 3489 Dedit.
816 3424 1010 3509 Zenophilus
1027 3425 1066 3487 V.
1078 3425 1115 3488 C.
1132 3446 1243 3487 consu·

193 3534 269 3599 laris
285 3533 458 3600 Saturnino
474 3533 574 3599 dixit:
600 3533 688 3597 Ante
703 3533 865 3597 Silvanum
880 3533 1020 3618 positum
1034 3537 1106 3599 esti
1131 3536 1244 3600 Satur-

194 3644 287 3709 ninus
313 3645 412 3709 dixit:
450 3644 538 3709 Ante
563 3644 749 3708 cathedram
776 3642 1004 3726 episcoporum.
1052 3644 1247 3730 Zenophilus

193 3755 233 3820 V.
247 3754 283 3819 0.
298 3754 471 3819 consularis
490 3752 690 3817 Nundinario
709 3752 811 3816 dixit:
837 3752 869 3815 A
886 3773 949 3835 quo
973 3753 1107 3837 pecunie
1121 3753 1249 3819 sublata

193 3866 264 3929 est!
286 3864 502 3929 Nundinariur
517 3861 618 3926 dixit:
644 3861 710 3946 Ipsi
726 3861 865 3947 episcopi
885 3861 1060 3926 diviserunt
1077 3882 1148 3926 eam
1162 3862 1249 3927 inter

193 3996 237 4037 se.
282 3974 476 4058 Zenophilus
492 3974 530 4037 V.
543 3972 579 4037 U.
595 3971 770 4035 consularis
791 3970 990 4036 Nundinario
1010 3972 1110 4037 dixit:
1137 3974 1249 4036 Dona·

193 4090 264 4147 tum
278 4084 439 4149 desideras
454 4083 618 4149 exhiberi?
640 4082 860 4148 Nundinarius
872 4082 974 4147 dixit:
991 4082 1115 4167 Utique
1127 4081 1247 4158 vemat,

546 4294 638 4356 h(sor.
650 4295 720 4353 dixit,
734 4294 821 4342 Etiam.
848 4294 893 4357 Et)

667 4397 687 4435 U
703 4396 723 4436 u
741 4392 758 4437 2
