3242 5150
337 345 386 416 lN
413 349 445 414 S.
464 351 612 415 PETRI
639 347 784 414 ALEX.
810 345 1130 416 FRAGMENTA.
1217 353 1262 418 57

176 520 239 584 lib.
258 522 312 585 ix.
333 526 358 602 ψ.
373 539 424 583 21.
440 522 480 585 de
489 542 553 584 uno
563 521 760 606 poenitentloe
771 543 856 586 enno
867 541 1019 586 oenonem
1031 519 1263 606 interpretetus

176 633 248 698 ese,
259 629 414 709 quotuor
422 631 530 688 temen
539 623 615 687 enni
624 623 675 688 hio
685 621 906 709 designantur.
919 622 1029 710 Neque
1039 623 1262 689 elitersentire

175 746 279 788 nuno
296 725 394 788 video
410 725 620 789 Ssooerellum
636 725 668 788 in
686 725 831 790 Historriz
846 747 907 790 sun
920 726 1135 791 Εοοῖοιίοινίοο
1148 729 1261 791 Romae

176 825 283 890 haud
303 827 354 890 its
368 826 491 911 pridem
506 826 606 903 edite,
622 827 679 890 vol.
697 826 737 891 iv.
754 850 785 912 p.
804 829 877 910 287.

611 1008 764 1076 CANON
789 1010 849 1076 lV.

233 1115 283 1183 P.
312 1123 362 1184 26.
379 1117 400 1183 l.
420 1137 468 1203 17.
485 1122 533 1183 καὶ
551 1122 774 1204 ἆμετονοήτοις]
801 1121 997 1186 Portioulum
1021 1124 1069 1186 καὶ
1090 1118 1199 1186 addidi
1220 1143 1259 1186 ex

177 1222 286 1286 eodo.
309 1226 360 1287 26.
376 1231 410 1286 et
426 1243 432 1285 ι
440 1225 492 1306 58.
508 1232 543 1287 et
557 1224 653 1306 3385.
669 1223 716 1288 ite
731 1231 876 1288 vertente
892 1224 1049 1299 Herveto‚
1067 1235 1218 1309 tunquam
1233 1225 1260 1288 ei

178 1325 337 1386 eandem
359 1323 539 1387 invenisset.
586 1324 699 1388 Adduo
714 1325 996 1409 OEoolsmpedium
1015 1324 1048 1387 io
1069 1324 1182 1389 horum
1204 1347 1257 1388 oo-

183 1446 322 1489 nonum
358 1421 510 1500 Vorssbne,
535 1426 576 1488 de
602 1447 665 1510 que
690 1447 788 1511 supro
813 1426 879 1490 dixi
907 1427 949 1489 ud
975 1447 1086 1490 eonon.
1113 1426 1260 1511 primunr.

186 1528 355 1592 Ceterum
376 1535 486 1590 monet
506 1527 659 1602 Zonaras,
683 1527 770 1592 diets
791 1528 900 1612 priore
921 1550 990 1592 esse
1012 1529 1053 1592 de
1074 1526 1181 1613 lapsis,
1203 1526 1259 1591 sed

186 1628 471 1713 resipiscentibus,
479 1635 513 1692 et
522 1628 590 1693 haeo
599 1629 1108 1713 posteriorodireotoesseeontrs
1117 1627 1197 1703 illos,
1206 1627 1260 1711 qui

189 1725 427 1814 poenitentism
446 1730 534 1794 haud
553 1738 662 1816 egent.
708 1731 800 1796 Nono
818 1733 867 1795 καὶ
881 1724 1083 1817 particulam,
1097 1751 1194 1814 quum
1209 1724 1261 1793 hio

190 1833 324 1906 addidi,
341 1833 373 1896 in
390 1829 520 1896 Pedolso
535 1833 667 1917 reperio,
684 1834 740 1898 sed
754 1837 787 1897 δὲ
802 1855 862 1919 pro
877 1837 935 1916 γὰρ
950 1833 993 1896 ibi
1008 1833 1157 1919 positum.

245 1937 286 1998 P.
304 1951 356 2016 27.
371 1933 433 2017 ¹⁸5·
449 1935 484 1997 οὗ
499 1933 657 2013 δυνήσεται
673 1937 919 2018 ἐπικοσμηθῆναι]
947 1933 1020 1998 Hos
1039 1935 1180 1998 listumm
1202 1955 1261 2018 pro

195 2039 328 2101 δύναται
341 2035 476 2099 lectione
494 2034 623 2115 vulgate
643 2033 756 2120 reperi,
775 2056 839 2098 non
858 2041 986 2097 tantum
1006 2033 1038 2095 in
1054 2031 1179 2107 Billis,
1204 2033 1260 2096 sed

199 2146 234 2202 et
251 2133 284 2200 in
299 2135 399 2200 tribue
413 2137 569 2200 Cononem
580 2137 673 2199 Petri
682 2135 825 2212 MSSns,
838 2136 974 2199 Zonerae
984 2135 1113 2211 Sololio,
1127 2135 1261 2199 Τι’ἰὶοιιί-

197 2257 257 2322 pue
275 2234 389 2299 codicis
407 2236 653 2320 interpretatione
670 2236 807 2299 Heroeti.
853 2234 1005 2298 Formam
1030 2233 1153 2298 interes
1175 2237 1261 2311 δυνη-

199 2337 328 2416 θήσεται
359 2337 521 2401 hebebant
555 2337 643 2400 cerm
674 2357 725 2400 son
754 2335 875 2420 scripti.
934 2335 1143 2420 Eandemque
1177 2357 1260 2398 nuno

199 2437 307 2501 inveni
329 2438 363 2500 in
378 2440 561 2502 Grseeorum
584 2439 715 2523 Syoopsi
730 2439 887 2502 Uononem
904 2436 1050 2500 Venetiis
1064 2437 1172 2510 edite;
1204 2436 1260 2499 sed

198 2539 332 2603 eonardo
348 2549 500 2623 praestere
516 2539 692 2605 Pedalium.

624 2722 776 2789 OANON
801 2721 843 2785 V.

248 2832 287 2893 P.
305 2832 356 2895 28.
371 2830 394 2895 l.
408 2855 439 2911 4.
463 2834 566 2914 καὶμὴ
582 2841 697 2915 γνμνῶς
716 2830 1000 2917 ἀπογραψαμένοις]
1019 2830 1078 2895 Ait
1093 2830 1255 2893 Zonaras:

201 2934 239 2996 οὐ
254 2938 371 3013 γυμνῶν
386 2937 417 2997 δὲ
433 2938 471 2999 τὰ
485 2935 558 3015 πρὸς
571 2937 698 3018 ἄρνησιν
714 2937 866 3017 ἔγραψαν,
882 2936 949 2997 ἀντὶ
963 2938 1015 2996 τοῦ
1034 2934 1088 2996 οὐκ
1108 2934 1259 3012 ἀπαρακα-

203 3038 333 3108 λύπτως,
360 3036 396 3099 οὗ
421 3043 567 3117 φανερῶς,
591 3040 673 3101 ἀλλὰ
695 3037 744 3101 tel
766 3062 846 3101 τινος
866 3037 994 3115 μεθόδου
1015 3034 1170 3111 διέπαιξαν
1192 3032 1260 3098 τοὺς

201 3136 487 3215 βιάζοντοςαύτούς.
517 3142 565 3203 lle
576 3140 708 3204 diversis
719 3147 829 3203 nutem
840 3136 1082 3201 libellaticorum
1090 3134 1259 3220 generibus

204 3239 352 3302 videatur
375 3240 573 3304 Moshemius
595 3242 627 3305 in
649 3241 704 3305 lib.
727 3241 777 3304 De
799 3238 903 3302 Reuss
927 3237 1170 3301 Olnstionorom
1192 3244 1262 3297 oste

205 3336 463 3405 conuentione
483 3342 562 3407 Saeo.
581 3342 644 3406 Ill.
659 3349 684 3423 ᾖ.
701 3343 744 3406 xi.
760 3364 834 3427 peg.
855 3343 929 3426 483.
953 3341 1009 3402 tro.
1055 3337 1115 3401 Ait
1137 3337 1260 3400 intereo

206 3441 402 3506 Prudentius
425 3444 580 3508 Mersnus
597 3445 630 3508 in
660 3445 735 3508 Vita
755 3446 790 3507 S.
810 3442 963 3526 Cypriani
981 3440 1142 3526 Cypriuno
1166 3437 1261 3501 Bolu-

204 3545 295 3609 zisno
310 3567 367 3609 seu
383 3546 589 3611 Benedictino
606 3548 768 3633 praemisse
782 3569 813 3632 p.
828 3546 869 3608 lv.
888 3544 1056 3629 legendum
1079 3538 1178 3605 videri
1197 3542 1259 3602 ἔπι-

204 3646 411 3727 γραψαμένοις
425 3670 484 3733 pro
500 3648 775 3730 ἀπογραψαμένοις,
789 3648 844 3711 sed
860 3646 927 3710 sine
944 3666 1049 3720 causo,
1066 3642 1098 3706 ni
1113 3640 1214 3704 sullor.

251 3749 334 3813 Ibid.
357 3748 377 3813 l.
401 3772 431 3833 9.
455 3750 669 3833 συνεχώρησάν
691 3776 770 3817 τινες
793 3756 852 3814 τῶν
874 3743 1140 3828 ὁμολογησάντων]
1167 3742 1260 3822 Quali

205 3860 388 3937 quantoque
404 3852 533 3916 lieentia
547 3854 739 3916 confessores
757 3853 788 3915 in
812 3848 992 3935 hujusmodi
1007 3846 1111 3910 oensis
1126 3844 1173 3907 uti
1189 3864 1262 3906 oon-

205 3954 372 4029 suevmint,
396 3953 557 4018 interdum
580 3962 698 4039 prester
723 3954 849 4039 regulos
875 3949 1117 4023 ecclesiasticas,
1142 3950 1260 4008 norunt

204 4076 310 4121 ornnes
344 4055 552 4139 antiquitatis
581 4056 769 4121 Christianus
802 4052 946 4119 studiosi.
992 4046 1206 4113 Nihilominus
1239 4067 1260 4107 o

202 4160 311 4237 Petro,
328 4165 368 4223 ut
384 4156 483 4233 vides,
504 4156 646 4240 injuncta
666 4166 716 4223 est
736 4156 927 4242 ponneuia
941 4149 1104 4217 semestris
1119 4148 1191 4223 illis,
1206 4145 1259 4229 qui

195 4264 421 4349 deliquissent.

236 4389 307 4432 vor..
326 4385 373 4426 ιν.
734 4380 746 4421 r
