3242 5150
196 1112 233 1190 S.
256 1108 553 1190 PAMPHILI
584 1109 897 1193 MARTYRIS
926 1112 1243 1194 APOLOGIAE

274 1336 359 1399 PRO
382 1335 578 1394 ORIGENE
600 1335 677 1407 QUI
700 1335 829 1394 SOLUS
852 1321 1018 1395 Rusuar
1038 1335 1169 1394 LIBER

636 1439 811 1505 PRIMUS,

346 1637 397 1692 EX
416 1636 551 1692 RUFlNl
570 1635 931 1691 INTERPRETATIONE
950 1636 1100 1691 taulus.

221 1825 278 1888 Ad
298 1824 472 1889 Edilicnom
493 1823 725 1889 colamnam
749 1824 882 1908 Operm
906 1823 1055 1908 Originis,
1079 1822 1220 1888 Periclis

555 1925 643 2010 apud
654 1923 776 1989 Dolore
796 1940 831 2007 17
834 1944 888 2008 59.

576 2154 854 2196 -——*-—-

202 2305 284 2398 DE
304 2334 465 2419 Apologia
486 2335 519 2397 S.
532 2333 690 2418 Pamphili
713 2355 771 2418 pro
792 2333 941 2418 Origene,
957 2340 1055 2418 atque
1077 2333 1248 2398 Rufiniana

197 2435 338 2518 ejusdem
355 2436 637 2519 Interpretatione‚
654 2434 730 2519 quid
745 2437 951 2500 statuendum
966 2437 1041 2499 viris
1056 2437 1247 2502 doctissimis

196 2534 366 2612 videretur,
382 2556 479 2619 supra
493 2535 525 2597 in
546 2534 821 2600 Annotationibus
840 2535 882 2599 ed
904 2536 936 2599 S.
947 2535 1145 2599 Paurruruu
1160 2558 1191 2620 p.
1201 2556 1247 2621 50

196 2652 296 2719 -54.
311 2636 454 2720 exposui.
499 2635 631 2698 Librum
645 2636 794 2718 primum,
809 2658 903 2722 quem
918 2638 1020 2701 solum
1035 2638 1169 2702 Rufinus
1180 2659 1248 2701 ver-

200 2737 295 2799 tendo
315 2737 407 2799 uobis
421 2735 568 2814 servavit,
583 2736 634 2798 hic
649 2744 915 2820 repraesentet-um
937 2736 1045 2815 habes,
1062 2738 1247 2823 plerumque

198 2838 321 2901 omissis
332 2838 490 2923 excerptis
501 2860 541 2901 ex
554 2837 700 2923 Origene,
713 2859 784 2923 quae
799 2846 927 2903 tautum
941 2839 1055 2905 Latine
1066 2846 1246 2925 supersunt.

198 2940 392 3025 Origeniana
413 2948 532 3016 autern,
548 2960 618 3024 quae
641 2959 705 3001 non
719 2938 788 3001 sine
802 2959 900 3002 causa
919 2938 953 3001 in
972 2938 1032 3003 hoc
1052 2960 1148 3022 opere
1167 2960 1248 3024 pree·

198 3044 344 3108 termissa
366 3051 451 3120 sunt,
472 3043 558 3127 apud
577 3041 681 3125 ipsum
701 3040 871 3125 Origenem
891 3041 1083 3125 deprehendi
1103 3048 1246 3126 possunt,

197 3145 359 3230 explentia
372 3145 443 3229 plus
458 3143 588 3207 dimidio
603 3140 709 3205 libelli.
748 3143 861 3226 Neque
874 3142 937 3207 hue
951 3144 1109 3208 adducere
1127 3144 1249 3208 Admo-

197 3247 350 3312 nitionem
370 3246 403 3309 in
423 3246 559 3310 eundem
573 3243 811 3308 Delarueauam
830 3246 910 3309 adeo
930 3247 1142 3313 neceesarium
1163 3248 1247 3311 vide-

197 3348 302 3412 batur.

587 3454 856 3493 4-

472 3603 532 3674 ΙΝ
558 3602 972 3675 APOLOGETICUM

270 3793 418 3851 SANCTI
439 3794 636 3850 PAMPHILI
658 3792 868 3850 MARTYRIS
891 3792 968 3849 PRO
990 3792 1175 3850 ORIGENE

384 3968 514 4017 RUFINI
539 3968 726 4019 PRAEFATIO
750 3970 801 4018 AD
827 3969 1060 4019 MACHARIUM.

241 4094 475 4155 Cocaoscarma
500 4093 645 4158 veritatis
670 4116 779 4159 amore
801 4100 977 4179 permotus,
1004 4115 1024 4157 0
1048 4092 1095 4155 vir
1125 4091 1247 4154 deside-

195 4195 314 4257 riorum
337 4194 496 4272 Machnri,
511 4195 650 4280 injungis
671 4196 746 4259 mihi
770 4218 847 4273 rem,
864 4218 934 4281 quae
950 4195 1009 4260 tibi
1030 4193 1147 4278 ngnitae
1168 4191 1247 4254 veri-

197 4298 276 4360 tatia
299 4296 438 4381 gratiam
460 4297 623 4361 conferat:
646 4298 724 4361 mihi
746 4305 854 4362 tamen
878 4319 941 4360 non
966 4296 1078 4359 dubito
1101 4293 1176 4378 quin
1203 4292 1249 4355 of-

194 4397 314 4462 fensam
330 4400 501 4463 maximam
517 4406 679 4483 comparet
700 4420 818 4475 eorum,
837 4398 889 4481 qui
913 4420 945 4461 se
960 4397 1053 4460 laesos
1070 4401 1188 4479 putant
1203 4394 1244 4456 ab

667 4523 690 4563 x
708 4520 765 4563 xc
