3242 5150
386 400 659 464 CONCILIUM
684 400 1077 466 ELIBERITANUM.
1196 407 1261 468 257

207 572 349 628 XXXIV.
365 572 411 629 Ne
425 569 554 630 1¹cereum
568 572 596 628 in
611 573 766 628 carneteriie
780 574 946 629 incendatur.

208 668 333 726 XXXV.
353 669 400 725 Ne
409 669 524 742 semine
537 669 566 725 in
579 670 736 726 coemetfflie
744 669 920 744 percipileet.

207 765 350 824 XXXVI.
364 766 412 822 Ne
419 767 536 841 picture
549 767 578 822 in
591 766 704 822 ecclesia
711 767 793 840 fiant.

208 862 365 920 XXXVII.
380 862 427 919 De
446 859 646 938 ienerpunente
657 881 708 918 non
722 862 877 938 baptizatio.

207 959 382 1017 XXXVIII.
400 959 437 1016 Ut
451 961 480 1016 in
493 961 648 1017 necestitate
661 967 688 1016 et
695 959 794 1035 fideles
809 961 954 1036 baptizent.

208 1055 350 1112 XXXIX.
365 1056 411 1113 De
422 1055 577 1131 pentilibuo,
590 1057 615 1112 ei
628 1057 657 1113 in
671 1057 827 1113 discnmine
840 1057 976 1133 baptizari
989 1067 1123 1134 ceperunt.

208 1151 272 1208 XL.
288 1149 357 1207 'Ne
370 1153 400 1209 id
412 1153 482 1228 quod
494 1152 671 1228 idolothytum
685 1161 735 1217 eet,
744 1153 844 1227 fidelee
856 1155 1002 1229 accipiant.

208 1248 286 1305 XLI.
304 1248 341 1306 Ut
348 1250 513 1325 prohibeant
525 1251 626 1307 clcneini
639 1249 712 1306 idolc
727 1249 815 1307 colere
826 1253 924 1309 ceruit.

208 1345 305 1402 XLII.
320 1346 368 1402 De
381 1345 424 1402 bie
437 1347 483 1420 qui
496 1346 622 1420 adfidem
636 1345 753 1412 veniunt,
768 1349 874 1422 quaudo
888 1347 1068 1423 baptizentur.

208 1439 318 1497 XLIII.
332 1441 379 1498 De
390 1441 567 1499 celebratione
581 1441 767 1498 Pentecosten.

207 1535 316 1593 XLIV.
335 1536 380 1593 De
392 1537 577 1594 meretricibus
585 1537 713 1612 papante,
727 1538 754 1594 ei
767 1547 967 1596 convertantur.

207 1632 299 1690 XLV.
316 1635 362 1690 De
374 1634 578 1694 catechumenis,
592 1633 618 1689 ei
631 1633 668 1688 cd
680 1632 820 1691 eccleelorn
833 1653 886 1692 non
889 1635 1080 1711 frequentant.

207 1730 315 1788 XLVI.
333 1731 379 1788 De
390 1729 528 1806 fidelibus,
543 1731 569 1785 ei
582 1731 807 1804 apostataverint,
822 1731 948 1805 quonidiu
955 1732 1114 1808 peniteant.

206 1827 331 1885 XLVII.
350 1827 394 1884 De
406 1847 437 1884 eo
451 1827 497 1902 qui
510 1845 620 1884 nomm
634 1823 761 1892 lbabene,
775 1827 875 1902 rapine
888 1827 1043 1885 mactatur.

206 1923 346 1981 XLVIII.
364 1927 411 1981 De
425 1933 448 1964 ¹²¹
457 1923 611 1998 baptizatis,
626 1931 656 1978 ut
670 1922 739 1978 nibil
748 1924 866 1998 accipiat
879 1923 1003 1981 clericus.

207 2021 317 2078 XLIX.
332 2021 381 2078 De
385 2019 519 2095 fracibus
526 2018 659 2094 fidelium,
673 2037 707 2074 ne
720 2037 737 2074 a
750 2019 856 2076 Judaeie
870 2019 1070 2079 benedicantur.

207 2119 241 2175 L.
263 2120 309 2175 De
324 2117 498 2182 Obrietianie,
512 2116 559 2191 qui
572 2133 631 2173 cum
646 2114 751 2172 Judeiu
763 2123 916 2173 vescuntur.

207 2215 255 2272 LI.
269 2214 316 2271 De
329 2215 472 2279 boreticin
487 2222 516 2270 ut
530 2215 568 2269 od
581 2212 681 2269 clerum
695 2230 746 2267 non
755 2222 975 2286 promoveantur.

207 2310 272 2368 LII.
288 2310 336 2368 De
349 2311 391 2366 bie
404 2310 450 2385 qui
463 2311 491 2366 in
504 2310 616 2366 ecclesia
631 2307 870 2382 libelloefamoeoe
878 2318 993 2385 ponunt.

206 2405 289 2463 LIII.
304 2404 352 2462 De
364 2406 505 2480 episcopie,
520 2405 567 2479 qui
580 2405 805 2461 excommunicato
819 2404 906 2462 alieno
920 2407 1123 2463 communicant.

208 2502 287 2560 LIV.
303 2502 349 2559 De
356 2502 526 2579 parentibus,
540 2503 586 2578 qui
592 2501 678 2578 fidem
694 2501 893 2577 sponsaliorum
896 2503 1047 2580 srcnpunt.

206 2600 269 2658 LV.
288 2602 335 2659 De
347 2599 531 2658 eocoedotibur
538 2598 690 2674 coctilium,
705 2598 751 2674 qui
756 2601 820 2671 jorn
833 2617 886 2656 non
898 2600 1064 2675 sacrificant.

207 2698 286 2757 LVI.
304 2698 350 2755 De
363 2696 577 2773 naqietratibuu,
592 2704 619 2752 et
633 2696 820 2753 duumvirctie.

206 2795 300 2853 LVII.
314 2794 417 2853 Delie
430 2794 476 2870 qui
488 2794 646 2852 uestimenta
659 2794 697 2850 ad
708 2794 856 2849 mandore
864 2810 992 2869 pomponi
1006 2792 1136 2850 dederint

207 2892 315 2951 LVIII.
332 2892 379 2949 De
392 2892 435 2950 bie
448 2892 495 2967 qui
509 2890 762 2947 communicatoriae
774 2889 871 2946 literae
878 2898 1004 2965 portant,
1019 2898 1049 2947 ut
1062 2890 1095 2946 de
1101 2890 1161 2966 fide
1174 2890 1256 2947 inter·

368 2997 506 3063 nocentur.

207 3085 285 3144 LIX
300 3086 347 3143 De
353 3085 491 3161 fidelibus,
506 3104 539 3141 ne
552 3084 589 3141 al
603 3084 768 3159 Capitulium
781 3102 864 3142 cauea
876 3086 1052 3160 rocrlfioandi
1065 3085 1219 3143 aecendm.

207 3183 269 3241 LX.
285 3182 332 3239 De
344 3184 390 3241 bie
402 3184 448 3260 qai
461 3185 627 3241 deurumtee
640 3182 714 3241 idola
728 3184 895 3242 occiduntur.

208 3278 285 3336 LXI.
301 3282 348 3337 De
362 3280 406 3337 bie
419 3281 466 3357 qui
478 3280 581 3338 duabus
593 3280 733 3338 acroribus
746 3280 917 3355 copulantur·

210 3375 305 3433 LXII.
322 3375 368 3434 De
381 3377 487 3453 auricie
499 3386 525 3433 et
534 3377 718 3453 pantomimis,
732 3378 759 3433 ei
772 3384 972 3435 convertantur.

207 3471 315 3531 LXIII.
331 3472 378 3529 De
391 3473 531 3540 uxuribus,
547 3475 593 3550 qui
599 3474 679 3550 filice
689 3494 723 3531 ee
735 3474 870 3532 adulterio
884 3482 988 3530 necant.

207 3568 311 3625 LXIV.
334 3570 497 3644 Deseminie
508 3588 565 3647 qua
575 3590 658 3646 neque
671 3573 708 3628 ad
714 3580 826 3629 mortem
837 3589 896 3627 curn
905 3569 1001 3626 alienis
1010 3569 1080 3625 oirie
1089 3569 1255 3625 adulteram.

206 3664 301 3722 LXV.
317 3664 365 3723 De
378 3667 511 3725 adulterit
522 3669 652 3725 uxoribus
665 3670 837 3725 clericorum.

206 3760 313 3819 LXVI.
335 3760 378 3820 De
391 3762 435 3820 bie
449 3766 497 3842 qui
507 3767 665 3839 precignac
678 3783 742 3821 tuoe
756 3768 867 3822 cluerent.

206 3858 329 3916 LXVII.
349 3858 397 3917 De
410 3861 537 3939 conjucta
552 3860 884 3937 catechumenaeseminc.

206 3953 346 4011 LXVIII.
362 3953 410 4012 De
423 3956 620 4012 catechumena
634 3956 770 4021 adultero,
786 3954 950 4033 quofilium
964 3961 1055 4011 necat.

237 4164 253 4203 b
265 4166 380 4227 Aprum,
391 4166 453 4215 cerel
471 4165 639 4215 incendentur.
749 4166 755 4204 ¹
767 4168 876 4228 Apuirre
885 4166 967 4226 edidit,
977 4164 1008 4213 (Ie
1017 4158 1187 4225 euoeguml!
1197 4158 1256 4220 ¹2⁸1>-

206 4245 316 4295 tienodia.
383 4244 514 4307 *Apum
523 4246 1056 4311 ectutnNedehoequocidolinuaiumau
1123 4243 1257 4303 laistim,

206 4324 423 4391 habaiu-uptun
524 4339 545 4368 π·
558 4329 842 4392 Amcbnptiaundia

250 4426 315 4469 vor..
333 4429 375 4471 ev.
508 4438 516 4453 ·
734 4409 776 4472 cl
