3242 5150
332 389 493 453 GESTA
515 389 849 459 PURGATIONIS
873 391 1075 456 FELICIS.
1162 394 1226 464 295

181 558 328 622 AElianus
352 559 566 643 praedecessor
586 567 670 636 tuus,
686 559 809 638 merito,
827 561 903 624 dum
916 560 964 624 vir
983 563 1229 646 perfectissimus

181 669 282 732 Verus
303 668 468 752 (Verinus)
493 669 637 733 Vicarius
658 669 881 754 praefectorum
903 679 980 736 tunc
1006 693 1063 756 per
1084 672 1228 737 Africam

180 789 322 843 nostram
338 779 535 844 incommoda
549 780 730 845 valetudine
744 787 916 858 teneretur,
929 783 1070 867 ejusdem
1085 782 1230 867 partibus

180 888 318 963 iunctus,
347 888 434 953 inter
463 897 572 954 cetera
600 889 697 954 etiam
731 890 765 953 id
795 890 957 975 negotium
988 892 1036 956 vel
1066 892 1228 969 invidiam,

181 1020 251 1083 quae
266 1001 307 1062 dc
327 998 495 1063 Gaeciliano
516 999 663 1084 episcopo
682 999 821 1064 ecclesiae
837 1001 1000 1065 catholicae
1020 1001 1230 1066 videturesse

181 1117 349 1185 commota,
370 1109 412 1172 ad
432 1130 567 1174 examen
588 1131 679 1173 suum
702 1120 800 1195 atque
817 1110 991 1194 jussionem
1011 1111 1146 1177 credidit
1161 1135 1229 1177 esse

180 1220 401 1283 revocandam.
446 1220 575 1284 Etenim
590 1242 661 1284 cum
673 1221 741 1306 jam
757 1221 925 1306 Superium
945 1223 1172 1296 centurionem,
1195 1233 1229 1288 et

181 1329 383 1393 (laeciliauum
404 1330 629 1415 magistratum
649 1331 955 1415 Aptungitanorum,
971 1341 1004 1397 et
1021 1333 1228 1398 Saturninum

183 1441 418 1523 (Saturianum)
435 1448 667 1513 excuratorem,
683 1449 718 1504 et
738 1440 894 1506 Galibium
914 1442 1072 1526 juniorem
1086 1445 1229 1528 ejusdem

181 1548 318 1613 civitatis
332 1559 520 1627 curatorem,
537 1557 634 1634 atque
650 1550 798 1614 Solonem
809 1573 933 1614 servum
950 1553 1109 1636 publicum
1120 1576 1229 1639 supra·

182 1659 309 1744 scriptae
320 1659 458 1724 civitatis
472 1667 646 1742 praesentes
657 1682 725 1724 esse
737 1661 873 1738 fecisset,
885 1662 1080 1727 audientiam
1091 1664 1230 1748 praebuit

181 1776 424 1854 competentem,
438 1769 519 1833 adeo
533 1777 570 1833 ut
585 1791 656 1832 cum
672 1769 840 1834 Oaeciliano
851 1770 963 1834 luisset·
974 1771 1132 1858 objectum
1145 1773 1229 1857 quod

181 1902 202 1943 a
218 1879 324 1942 Felice
339 1878 441 1942 eidem
455 1878 658 1962 episcopatus
675 1878 835 1944 rideretur
848 1901 917 1944 esse
937 1881 1073 1958 delatus,
1088 1881 1138 1945 cui
1153 1881 1230 1946 divi-

182 2009 296 2051 narum
314 1986 544 2070 scripturarum
566 1987 705 2070 proditio
725 1993 823 2071 atque
847 1987 971 2051 exustio
995 1987 1154 2052 videretur
1175 1990 1230 2053 ob·

178 2099 276 2183 jecta,
287 2097 486 2161 innocentem
501 2097 540 2159 de
556 2118 594 2159 eo
606 2085 742 2160 Felicem
754 2097 850 2160 luisse
860 2098 1051 2162 constiterit.
1083 2099 1230 2184 Denique

182 2230 254 2273 cum
270 2209 432 2272 Maximus
449 2210 560 2291 (immo,
575 2223 713 2290 utsupra,
727 2213 923 2291 Apronianus)
942 2210 1123 2296 lugentium
1137 2211 1230 2275 decu-

181 2320 302 2382 rionem
326 2316 530 2402 Ziquensium
549 2316 688 2380 civitatis
709 2317 876 2402 epistolam
897 2318 1058 2383 Caeciliani
1079 2318 1230 2382 exduum-

182 2428 240 2491 viri
267 2428 397 2492 lalsassc
421 2427 638 2503 contenderet,
666 2429 800 2491 eundem
826 2427 929 2512 ipsum
956 2427 1137 2512 Ingentium
1163 2449 1230 2491 sus-

184 2560 324 2624 pensum,
344 2537 426 2603 actis
447 2558 519 2623 quae
541 2537 702 2616 suberant,
726 2538 928 2624 pervidimus,
951 2551 985 2603 et
1007 2537 1080 2601 idco
1103 2536 1231 2600 minime

183 2659 307 2713 tortum
330 2650 414 2733 quod
439 2670 473 2712 se
496 2647 696 2712 decurionem
719 2647 924 2731 Ziquensium
948 2647 1087 2711 civitatis
1107 2668 1228 2712 asseve-

185 2758 312 2821 raverit.
357 2757 454 2821 Unde
476 2756 619 2821 volumus
639 2763 676 2820 ut
696 2758 831 2821 eundem
852 2756 955 2841 ipsum
970 2755 1153 2840 ingentium
1171 2755 1230 2818 sub

185 2868 299 2931 idonea
320 2865 539 2952 prosecutione
560 2865 602 2929 ad
618 2864 805 2929 comitatum
825 2888 930 2930 meum
945 2864 1146 2930 Constantini
1165 2864 1230 2927 Au-

184 2978 271 3062 gusti
296 2977 415 3050 mittas,
443 2984 481 3040 ut
505 2975 566 3039 illis
592 2975 703 3059 quiin
731 2976 972 3061 praesentiarum
997 2982 1108 3059 agunt,
1133 2981 1231 3059 atqua

185 3087 343 3151 diuturnis
365 3085 476 3149 diebus
497 3085 699 3170 interpellare
721 3107 784 3148 non
806 3085 964 3163 desinunt,
979 3083 1181 3148 audientibus
1198 3092 1232 3148 et

184 3218 291 3261 coram
305 3194 528 3260 assistentibus
542 3217 696 3280 apparere
711 3202 745 3259 et
759 3194 901 3259 intimari
918 3194 1028 3279 possit,
1043 3194 1162 3258 frustra
1178 3216 1232 3258 eos

185 3306 353 3372 (laeciliano
367 3306 514 3390 episcopo
529 3305 678 3370 invidiam
692 3327 877 3391 comparare
889 3314 987 3390 atquc
1000 3305 1149 3369 adversus
1160 3327 1232 3369 eum

183 3416 339 3481 violenter
352 3416 514 3499 insurgere
528 3416 671 3480 voluisse.
717 3416 770 3481 Ita
784 3418 868 3481 enim
882 3416 938 3481 liet
953 3422 990 3480 ut
1005 3415 1140 3492 omissis,
1150 3414 1233 3479 siout

185 3533 324 3611 oportet,
340 3526 494 3610 ejusmodi
516 3526 784 3608 contentionibus,
799 3527 933 3611 populus
953 3526 1021 3589 sine
1040 3524 1233 3589 dissensione

185 3636 291 3719 aliqua
305 3634 449 3719 religioni
469 3636 605 3720 propriae
624 3658 695 3699 cum
715 3636 825 3700 debita
844 3635 1044 3700 veneratione
1064 3634 1233 3699 deserviat.

186 3748 280 3807 Extat
295 3768 323 3825 p.
335 3750 383 3824 89.
399 3748 457 3806 rol.
467 3749 497 3806 ii.
511 3749 633 3806 Miscell.
646 3748 748 3829 Steph.
766 3748 890 3807 Balaaii.
