3242 5150
404 406 654 470 APOLOGIA
677 407 770 470 PRO
794 407 1023 471 ORIGENE.
1172 407 1234 470 351

233 575 311 640 Istae
333 597 426 640 voces
447 583 524 640 sunt
546 578 614 662 ejus
636 577 690 662 qui
713 577 800 641 velut
821 577 990 642 haereticus
1011 582 1189 654 accusatur,
1205 583 1239 640 et

189 686 353 771 corruptio
377 708 416 750 aa
441 686 580 771 perditio
604 687 792 764 animarum,
816 686 859 750 ab
884 687 934 750 his
960 687 1014 772 qui
1039 709 1241 772 nequaquam

190 797 332 859 ¹’ostium
352 795 400 860 ori
418 818 477 859 suo
499 802 532 859 et
554 795 695 860 claustra
717 796 815 859 labris
840 795 905 860 suis
930 796 1091 881 imponere
1118 819 1139 862 a
1161 797 1241 860 Pro-

190 907 290 992 pheta
315 906 503 972 didicerunt.
561 908 640 989 Quoe
667 908 794 992 quidem
824 929 888 971 nou
917 907 950 970 in
977 907 1103 992 publico
1132 908 1174 972 ab
1203 930 1241 972 eo

192 1018 279 1082 dicta
294 1024 378 1095 sunt,
394 1018 426 1082 id
448 1025 506 1094 est,
523 1019 555 1082 in
574 1020 731 1083 communi
747 1017 897 1082 Ecclesiae
917 1019 1086 1097 auditorio,
1102 1041 1142 1084 ne
1159 1019 1242 1084 forte

191 1136 323 1214 putetur
336 1139 470 1214 propter
490 1128 657 1193 audientes
671 1128 876 1192 favorabilem
897 1135 1027 1211 aptasse
1046 1150 1241 1194 sermonem:

193 1240 303 1303 sodex
318 1238 379 1302 illis
398 1238 466 1301 haeo
485 1237 574 1301 libris
594 1237 792 1321 protulimus,
809 1258 890 1322 quos
910 1236 943 1300 in
958 1244 1081 1302 secroto
1095 1238 1182 1323 apud
1195 1259 1242 1300 sc-

192 1350 363 1434 metipsnm
378 1347 463 1410 nullo
478 1346 600 1410 arbitro
617 1347 835 1411 intercedente
854 1346 1008 1410 dictabat.
1055 1347 1095 1408 In
1111 1368 1174 1431 quo
1193 1354 1242 1410 at

193 1460 314 1524 tentius
329 1481 385 1522 vos
399 1458 476 1521 illud
491 1458 561 1521 volo
578 1457 779 1522 considerare
798 1458 883 1542 quod
903 1457 995 1534 dixit,
1011 1457 1086 1542 quia
1100 1465 1121 1495 “
1131 1457 1157 1520 si
1173 1457 1244 1542 quis

196 1576 215 1606 “
230 1570 344 1632 horum
363 1567 484 1652 aliquid
498 1567 751 1643 commutaverit,
766 1565 935 1631 haereticus
949 1573 1009 1642 est,
1025 1577 1078 1630 aet
1085 1577 1192 1652 pacat
1209 1568 1244 1632 ia

194 1687 217 1718 “
231 1676 416 1742 salamiam
438 1677 568 1761 posim,
597 1685 625 1740 ot
649 1698 671 1740 a
697 1676 848 1761 amalgiso
877 1677 1049 1753 domamus,
1073 1677 1245 1741 secundum

195 1796 216 1826 ‘⁴
232 1786 381 1872 Apostoli
396 1785 605 1850 sententiam:
621 1785 710 1870 cujus
721 1792 755 1849 et
769 1807 828 1849 nos
838 1785 1024 1851 auctoritati
1036 1787 1246 1870 obsequentes

196 1906 217 1936 “
232 1898 344 1962 eadem
359 1895 477 1961 sentire
492 1896 672 1960 debemus.”
717 1898 799 1960 Cum
815 1918 891 1980 ergo
906 1897 974 1961 haeo
985 1897 1033 1961 ita
1046 1919 1080 1961 se
1094 1897 1244 1974 habeant,

196 2026 391 2091 consequens
418 2003 559 2068 arbitror
586 2003 784 2090 interrogare
814 2005 892 2069 istos
925 2004 1010 2090 ipsos
1044 2013 1246 2070 accusatores

196 2116 275 2200 ejus,
297 2114 323 2178 si
342 2113 402 2198 ipsi
422 2113 516 2177 aliter
536 2134 631 2196 quam
655 2113 723 2197 ejus
746 2112 874 2178 vocibus
895 2115 1094 2200 designatum
1114 2121 1173 2190 est,
1198 2115 1246 2178 vel

196 2225 237 2288 de
256 2222 406 2288 haeretico
425 2222 578 2299 sentiunt,
601 2222 649 2286 vel
672 2223 712 2286 de
732 2223 899 2288 catholico.
944 2223 1065 2289 Dicant
1090 2224 1150 2309 ipsi
1175 2245 1246 2309 quae

197 2335 261 2400 alia
274 2341 349 2398 sunt
365 2334 589 2398 Ecclesiastica
604 2335 768 2418 dogmata,
781 2335 807 2397 si
823 2335 891 2398 haec
908 2356 972 2399 non
987 2342 1062 2399 sunt
1073 2357 1143 2420 quae
1157 2357 1247 2421 supa-

196 2444 263 2508 rius
284 2446 326 2508 ab
348 2444 402 2507 illo
423 2445 548 2529 digesta
570 2450 654 2507 snut.
700 2444 745 2508 Et
764 2444 832 2508 hoec
855 2444 983 2528 quidem
1002 2445 1192 2529 generaliter
1207 2446 1248 2508 de

198 2556 344 2620 omnibns
359 2553 590 2619 Ecclesiasticis
604 2553 807 2639 dogmatibus
822 2553 865 2619 ab
879 2553 933 2618 illo
947 2554 1035 2619 dicta
1049 2560 1133 2618 sunt.
1167 2553 1247 2619 Per-

198 2687 311 2751 gamus
325 2672 433 2729 antem
448 2672 483 2729 et
503 2686 573 2748 quae
593 2663 773 2749 specialiter
787 2666 827 2729 do
846 2665 988 2751 singulis,
1002 2672 1036 2730 et
1056 2664 1192 2729 maxime
1207 2664 1248 2729 de

97 2841 101 2847 ,
199 2774 425 2862 principalibus
447 2776 553 2851 rebus,
574 2774 614 2838 de
636 2780 749 2838 sancta
770 2780 804 2837 et
826 2774 923 2838 beata
941 2773 1111 2851 Trinitate‚
1133 2773 1167 2838 id
1188 2780 1247 2851 est,

200 2890 240 2953 de
256 2890 367 2965 Patre,
383 2894 417 2951 et
436 2885 531 2962 Filio,
546 2892 580 2949 et
596 2884 718 2970 Spiritu
738 2891 850 2949 sancto
865 2885 999 2949 senserit
1012 2885 1200 2962 indicantes,
1215 2892 1249 2949 et

200 3000 397 3086 proferentes
419 2997 452 3060 in
474 2996 613 3060 medium
629 3017 668 3060 ea
682 3017 753 3080 quae
773 2995 807 3059 in
826 2995 957 3061 diversis
975 2996 1024 3059 sui
1039 2996 1144 3082 operis
1163 2996 1249 3061 velu-

200 3111 337 3174 minibus
348 3110 468 3173 inserta
482 3106 656 3183 mandavit,
669 3112 703 3170 et
718 3112 755 3170 ut
769 3105 868 3191 ipsius
878 3107 1038 3173 sententia
1052 3108 1092 3171 de
1103 3106 1250 3173 maximis

201 3230 235 3287 et
261 3222 374 3286 divinis
403 3219 497 3285 rebus
522 3241 593 3303 quae
618 3218 715 3283 fuerit
740 3219 941 3296 ostendatur,
967 3226 1001 3283 et
1031 3218 1176 3283 'duobus
1201 3217 1249 3283 vel

201 3332 304 3396 tribus
326 3351 439 3395 vocum
465 3350 594 3393 suarum
616 3328 753 3392 testibus
779 3334 845 3393 stet
870 3350 964 3393 omne
986 3330 1119 3393 verbum
1141 3328 1249 3392 delen·

202 3440 298 3505 sionis
313 3438 390 3524 ejus.
435 3437 562 3501 Iudicat
576 3459 652 3521 ergo
672 3436 748 3521 quid
768 3437 809 3501 de
826 3436 896 3501 Deo
917 3438 1016 3501 Patre
1031 3436 1250 3521 omnipotente

202 3549 337 3615 senserit
355 3548 389 3612 in
410 3546 461 3612 his
482 3548 558 3632 ipsis
579 3547 678 3624 libris,
702 3547 756 3632 qui
778 3569 875 3632 quam
896 3548 1033 3611 maxime
1054 3547 1096 3612 ab
1118 3570 1247 3612 accusa-

202 3660 325 3725 toribus
339 3659 551 3735 celebrantur,
567 3657 600 3720 id
615 3663 675 3735 est,
690 3659 758 3739 περὶ
773 3659 883 3740 ἀρχῶν,
899 3656 1039 3720 scribens
1053 3656 1130 3721 haec.

616 3852 769 3918 CAPUT
792 3853 837 3917 ΙΙ.

492 3984 542 4047 Do
555 3984 622 4047 Deo
636 3983 736 4046 Patro
748 3982 954 4066 cmazpotants.

245 4111 414 4175 Osreunss.
447 4110 538 4195 (Lib.
554 4110 576 4173 i.
603 4111 654 4177 De
679 4110 817 4197 Princip.
841 4130 912 4193 cap.
928 4108 948 4174 i.
969 4131 1054 4175 num.
1075 4114 1118 4185 1.)
1162 4109 1252 4173 Omra

202 4219 477 4305 pour—speon
492 4230 634 4285 mactare.

302 4390 317 4428 Ρ
328 4379 392 4429 Paul.
404 4380 467 4429 cxiii.
480 4395 504 4441 3.
638 4391 649 4423 s
661 4380 711 4429 Tit.
723 4381 757 4428 iii.
771 4395 793 4427 r.
925 4390 937 4419 r
950 4378 1023 4428 Mota
1034 4377 1102 4426 xviii.
1117 4375 1154 4427 16.
