3242 5150
379 399 653 466 CONCILIUM
677 400 1072 470 ELIBERITANUM.
1183 407 1246 472 273

195 591 271 634 num
287 570 375 636 salsis
389 571 573 636 oriminibus
591 571 774 658 appetierit,
791 580 824 638 et
846 575 981 658 probare
1001 597 1065 639 non
1087 577 1247 662 potuerit;

196 704 253 746 nen
269 681 302 747 in
316 681 379 748 fine
394 683 534 749 dandam
547 684 578 748 ei
593 683 853 753 eommunionem.

637 841 813 908 LXXVI.¹

240 953 274 1016 Si
289 953 361 1038 quis
375 953 542 1018 diaeonum
558 975 592 1018 se
606 954 952 1039 permiseritordinari,
968 963 1001 1021 et
1020 961 1134 1041 postea
1148 955 1246 1020 inerit

197 1062 342 1127 detentus
364 1063 398 1126 in
424 1062 554 1127 erindns
579 1064 702 1142 mortis,
725 1065 809 1152 quod
836 1063 1007 1150 aliquando
1030 1065 1245 1140 commiserim

197 1173 223 1238 si
245 1181 360 1258 sponte
377 1173 474 1238 suerit
494 1172 666 1246 consessus,
682 1173 802 1258 plaouit
825 1195 906 1250 eum,
922 1183 995 1240 ueta
1017 1175 1159 1260 legitima
1180 1198 1247 1260 poe·

197 1283 333 1348 nitentia
355 1293 430 1369 post
452 1283 624 1349 triennium
648 1283 791 1370 nooipere
811 1285 1081 1350 communionem:
1113 1285 1245 1371 quodsi

197 1395 277 1461 alius
299 1418 371 1463 eum
393 1395 561 1472 detexerit,
579 1404 654 1482 post
676 1394 936 1484 quinquennium,
950 1405 1026 1467 aeta
1047 1399 1248 1486 poenitentia,

198 1508 342 1593 abripere
356 1507 606 1574 eommunionem
622 1507 736 1572 lainam
751 1508 876 1572 debere.

629 1667 815 1732 LXXVII.

243 1777 304 1842 itSi
329 1778 400 1863 quis
428 1778 580 1842 diaeonus
607 1799 720 1864 regens
748 1777 884 1862 plebem,
915 1779 982 1843 sine
1008 1779 1167 1864 episeopo,
1197 1779 1246 1844 vel

199 1888 392 1973 presbytero,
417 1887 540 1974 aliquos
566 1889 784 1973 baptizaverit,
808 1887 971 1974 episeopus
994 1912 1049 1955 eos
1071 1911 1128 1975 per
1150 1891 1245 1955 bene-

199 1998 368 2063 dictionem
392 1997 544 2080 periieere
563 1999 701 2062 debebit.
747 1998 840 2080 Quod
863 1998 889 2062 si
912 2008 989 2064 ante
1004 2000 1044 2063 de
1066 2000 1181 2065 saeeulo
1200 2021 1249 2065 re-

199 2110 360 2184 cesserint,
376 2111 435 2175 snb
449 2110 523 2187 fide,
539 2132 603 2195 qua
618 2111 688 2194 quis
702 2110 848 2187 eredidit,
864 2110 984 2196 poterit
998 2133 1066 2175 esse
1079 2089 1196 2197 justus.

620 2269 832 2333 LXXVIII.

244 2376 297 2442 ¹Si
319 2379 390 2463 quie
411 2378 524 2455 fidelis,
538 2378 659 2443 habens
680 2400 824 2455 uxorem,
839 2401 910 2443 oum
931 2379 1046 2444 Judaea
1068 2380 1116 2444 vel
1138 2381 1250 2467 gentili

200 2489 296 2554 inerit
317 2489 506 2567 moechatus,
520 2511 542 2555 a
562 2489 782 2554 eommunione
804 2497 962 2556 areentur.
1007 2491 1100 2571 Quod
1121 2491 1147 2555 si
1169 2492 1250 2556 alius

202 2623 273 2664 enm
284 2601 450 2679 detexerit,
465 2609 538 2687 post
549 2600 795 2685 quinquennium
808 2609 883 2665 aete
897 2600 1040 2685 legitima
1050 2600 1250 2689 paenitentia,

205 2711 323 2795 poterit
334 2710 510 2776 Dominieae
524 2710 638 2774 sooinri
653 2708 875 2776 communioni.

637 2866 814 2932 LXXIX.

246 2978 281 3043 si
297 2979 367 3063 quis
381 2978 482 3045 tidelis
498 2977 604 3052 ’olen
621 2978 654 3040 id
674 2985 734 3054 est,
749 2976 861 3041 tabula
880 2976 989 3041 luserit
1013 2998 1169 3053 nummos,
1183 2976 1250 3063 pia

204 3090 270 3156 enit
291 3112 363 3155 eum
384 3090 555 3156 abstineri:
587 3098 621 3154 et
643 3090 669 3153 si
692 3090 880 3153 emendatus
901 3088 1081 3166 cessaverit,
1103 3096 1176 3173 post
1197 3111 1253 3155 an-

203 3222 279 3264 num
293 3201 413 3286 poterit
427 3199 639 3267 communioni
654 3199 859 3267 reconciliari.

651 3348 808 3413 LXXX.

248 3459 524 3525 ¹¹¹Prohibendum
546 3475 606 3534 est,
628 3466 664 3522 ut
686 3458 801 3534 liberti,
826 3480 960 3541 quorum
982 3456 1110 3540 patroni
1137 3456 1168 3519 in
1192 3479 1250 3520 sae-

204 3570 276 3634 onlo
289 3570 417 3645 inerint,
434 3571 475 3634 ad
491 3570 608 3635 elerum
623 3591 686 3632 nou
701 3574 956 3657 promoveantur.

236 3784 302 3837 '¹18⁶
314 3787 416 3848 lisuino,
433 3784 497 3833 Iibi.
509 3800 530 3833 o.
542 3782 599 3845 267.
616 3800 647 3833 ar
664 3785 737 3833 Cone
755 3784 865 3833 sutem.
883 3784 925 3831 red
941 3782 1100 3831 Bernhardar
1116 3782 1254 3841 interpolat,

203 3863 244 3913 lib.
256 3865 288 3913 iv.
301 3879 400 3931 naqa.
411 3880 442 3913 ar
453 3867 525 3913 Cone
541 3866 668 3914 Tne-onim.
808 3866 818 3905 ¹
831 3866 931 3924 δῆμον.
942 3865 999 3912 111.
1011 3866 1038 3912 tn
1048 3864 1154 3911 dudiov'a'a
1166 3863 1255 3908 Poenil.

203 3962 255 4010 up.
264 3958 304 4008 η.
320 3962 370 3996 nen
386 3947 506 4009 appellato
524 3947 636 3995 Concilio
650 3948 744 3995 Robora
757 3946 825 4009 epioe.
837 3946 871 3993 nd
885 3946 1012 3994 Heribnid.
1026 3960 1076 4007 erup.
1090 3958 1127 3991 ιι.
1139 3958 1169 3991 ar
1182 3944 1254 3991 Cure.

205 4028 346 4089 Elibertino,
358 4044 409 4091 esp.
421 4030 459 4089 78.
478 4028 581 4089 mnne,
592 4027 633 4075 Iib.
642 4027 668 4075 ii.
680 4042 700 4077 a
714 4042 768 4088 ¹4¹·
778 4036 804 4076 st
815 4028 860 4075 Ioo
876 4029 903 4075 r'n
917 4029 989 4075 Beer.
1003 4036 1064 4089 part.
1075 4025 1125 4073 viii.
1137 4040 1188 4086 esp.
1198 4037 1254 4072 nra.

204 4118 228 4147 m
240 4119 278 4167 ²4·
290 4109 355 4155 Diae.
364 4119 404 4170 54.
418 4107 598 4156 Prohibendam
608 4116 645 4157 eat
653 4116 689 4155 nt.

237 4190 314 4251 Apin
324 4190 471 4239 Gratianum
480 4195 576 4237 mtnnt
586 4190 612 4236 bi
628 4204 720 4251 qnoque
738 4189 854 4249 canetur,
868 4188 973 4237 Concilio
985 4186 1143 4245 Bliten'tano,
1152 4189 1180 4231 ut
1192 4188 1255 4234 reete

367 4328 381 4357 ‘
393 4326 491 4391 (nium,
503 4327 528 4375 id
539 4336 575 4376 est
585 4324 693 4375 tabulam
704 4324 789 4375 luserit
799 4324 915 4387 nummis,
927 4327 981 4373 edit.
991 4320 1102 4385 Moerit.)

249 4430 314 4471 vob.
332 4431 373 4472 lv.
728 4428 749 4466 Ν
765 4428 787 4467 ῃ
