3242 5150
387 361 452 424 410
683 347 932 427 RELIQUIAE
959 343 1136 410 SACRAE.

388 533 592 631 περιττεῦον
616 522 828 621 ε’κτιθεμίνη.
857 521 916 598 καὶ
938 515 985 598 τά
1009 513 1110 596 ἄλλα
1134 515 1175 594 δι’
1196 513 1297 592 ὅσων
1313 514 1435 616 ἐμφα-

390 670 459 748 vois
476 663 499 761 ἡ
518 662 690 760 διοίκησις
713 661 777 756 τῆς
802 654 1022 758 ἀνθρωπείου
1045 647 1292 754 μεμηχάνηται
1314 651 1440 745 διαμο-

390 801 465 897 νῆς.
496 793 547 875 ὧν
571 795 701 892 ὁμοίως
727 797 802 873 τοῖς
830 787 989 894 ἄφροσιν
1017 785 1157 890 &oms
1175 789 1207 862 oi
1235 785 1350 888 σοφοὶ
1372 778 1440 879 τὴν

390 934 534 1035 χρῆσιν,
552 928 616 1006 οὐκ
643 926 793 1030 ’ίσχουσι
820 921 886 1022 τὴν
911 927 1060 1023 γνῶσιν.
1093 923 1126 998 oi
1148 919 1213 1018 μὲν
1234 917 1306 1020 γὰρ
1327 924 1377 1004 εἰς
1393 917 1442 1016 ἣν

391 1062 436 1144 ἀν
453 1067 625 1163 οίηθῶσιν
643 1057 817 1158 ἀθεάτητα
836 1059 908 1158 (for.
929 1053 1079 1154 θεότητοι
1101 1067 1262 1156 δέμνια),
1280 1053 1348 1152 τὴν
1365 1057 1465 1133 ἐπι-5

391 1191 707 1296 στημονικωτάτην
737 1195 820 1293 περὶ
845 1189 1001 1288 πάντων,
1034 1192 1093 1268 καὶ
1121 1187 1189 1288 τὴν
1217 1194 1265 1272 είς
1296 1185 1443 1270 ἑαυτοὺς

393 1323 707 1433 εὐεργετικωτάτην
736 1327 977 1430 ἀναφερουσιν
1004 1322 1215 1421 οἰκονομίαν,
1242 1321 1441 1424 κρείττονος

394 1467 454 1544 καὶ
483 1463 578 1545 θείας
604 1460 716 1542 ὅντως
743 1457 955 1565 φρονήσεώς
984 1491 1022 1537 τε
1046 1460 1105 1536 καὶ
1131 1455 1311 1554 δυνάμεως
1336 1455 1443 1556 ἔργον

394 1595 504 1698 αὐτὴν
531 1592 618 1675 εἶναι
645 1593 890 1691 πιστούμενοι·
922 1596 955 1670 oi
982 1590 1031 1688 δὲ,
1059 1591 1236 1696 συιανχίρ
1257 1592 1317 1669 καὶ
1340 1622 1440 1686 συμ-

394 1730 533 1814 moion
560 1733 633 1808 τῶν
664 1726 817 1826 ἀτόμων,
849 1723 1020 1809 ἀσκόπως
1049 1720 1116 1823 τὴν
1143 1720 1488 1823 θαυμασιωτάτηνιο

397 1862 631 1965 καλλιεργίαν
644 1860 865 1941 ἀνατιθέασι.
881 1858 974 1957 *τὴν
988 1857 1287 1962 δὲένεργεστέρωι
1296 1857 1347 1936 ἔτι
1356 1856 1440 1936 roti-

396 2030 470 2077 των
484 1996 687 2098 ἐπίσκεψιν,
702 1996 760 2071 καὶ
777 1991 929 2091 τὴντῶν
946 1994 1140 2073 ἐνδοσθίων
1156 1990 1316 2072 διάθεσιν
1332 1995 1445 2094 ἰατροὶ

396 2128 462 2230 μὲν
479 2131 636 2229 ἀκριβῶς
655 2123 962 2226 διερευνησάμενοι
979 2128 1039 2205 καὶ
1056 2124 1356 2226 καταπλαγέντες,
1370 2124 1446 2230 ἐξε-

398 2262 548 2344 θείασαν
572 2258 638 2356 τὴν
662 2255 788 2363 φύσιν·
819 2259 918 2357 ἡμεῖς
943 2256 980 2338 δὲ
1011 2260 1163 2361 ὕστερον
1188 2262 1235 2344 ὡς
1257 2257 1302 2338 ἀν
1324 2257 1447 2338 οἷοίτε

398 2395 596 2498 γενοίμεθα,
627 2390 695 2500 κᾷν
723 2394 908 2492 ἐπιπολῆς,
938 2391 1247 2496 ἀναθεωρήσορεν.
1288 2391 1491 2480 καθόλουῐε

400 2529 439 2612 δὲ
456 2532 515 2612 καὶ
533 2527 762 2629 συλλήβδην,
775 2527 864 2608 ὅλον
881 2536 986 2609 τοῦτο
1003 2528 1047 2609 τὸ
1062 2533 1196 2629 σκῆνος
1213 2530 1267 2614 τίς
1287 2536 1448 2609 τοιοῦτον

400 2665 693 2767 ἐσκηνοποίησεν,
709 2660 868 2769 ὑψηλὸν,
881 2662 1012 2765 ὄρθιον,
1028 2665 1212 2767 εὔρυθμον,
1226 2665 1448 2764 εὐαισθητον,

402 2802 592 2901 εὐκίνητον,
611 2797 765 2902 εὐεργὸν,
782 2798 1034 2901 παιτουργόν;
1063 2800 1085 2898 ἡ
1104 2806 1176 2878 τῶν
1194 2796 1338 2899 ἀτόμων
1355 2797 1446 2878 ἀλο-

403 2987 580 3049 continetur.
624 2984 739 3041 Horum
770 3003 841 3042 usus
871 2982 902 3040 in
953 2984 998 3043 At
1012 3004 1081 3043 vero
1094 2986 1282 3045 efficaciorem
1296 2986 1450 3045 adhuors-

404 3065 504 3127 stultis
518 3083 599 3139 aeque
614 3062 851 3139 sapientibusque
862 3062 902 3119 si-
952 3085 1017 3123 rnm
1039 3065 1160 3124 istarum
1181 3066 1451 3133 considerationem,
1461 3080 1498 3119 ao

403 3144 482 3205 milis
510 3153 564 3211 est,
589 3141 719 3218 cognitio
743 3141 902 3200 dissimilis.
953 3155 984 3204 et
1012 3146 1139 3223 partium
1169 3146 1337 3205 interiorem
1363 3146 1452 3204 ratio·

403 3224 467 3285 Alii
482 3222 690 3299 quipps·qusm
707 3220 804 3277 animo
818 3220 903 3277 Divi-
954 3245 1030 3291 nem,
1039 3225 1144 3284 medici
1154 3226 1271 3303 quidem
1286 3226 1374 3285 altius
1385 3225 1453 3283 dili·

404 3306 526 3364 nitatem
552 3299 746 3391 informarint,
768 3300 804 3357 sd
830 3320 903 3367 eam,
954 3306 1127 3382 gentiusqus
1137 3306 1243 3375 rimati,
1255 3326 1288 3365 ao
1298 3305 1453 3365 vehemen-

406 3395 440 3443 ut
451 3402 515 3459 qun
525 3400 621 3439 rerum
633 3398 764 3437 omnium
774 3380 905 3439 scientis·
955 3385 1015 3444 tius
1033 3385 1176 3453 admirati,
1191 3386 1384 3445 Divinitatem
1402 3406 1453 3445 ns-

406 3465 477 3525 sima
491 3462 538 3527 sit,
554 3473 642 3539 atque
660 3460 691 3516 in
710 3479 741 3518 ss
760 3462 838 3539 ipsos
854 3461 905 3519 be·
955 3474 1029 3523 turo
1040 3465 1220 3525 tribuerunt:
1235 3487 1289 3525 nos
1299 3486 1361 3525 eam
1426 3476 1452 3525 t·
1463 3482 1478 3521 a
1483 3482 1499 3539 5

406 3542 639 3609 micantissima,
660 3550 752 3598 totam
773 3540 906 3599 referunt
956 3565 999 3611 aa,
1015 3544 1116 3622 jejune
1130 3546 1260 3605 fortassis
1279 3556 1309 3604 et
1327 3546 1374 3604 exi
1387 3546 1453 3613 iter,

406 3626 496 3702 hujus
541 3621 707 3681 nsconomiae
754 3621 906 3687 rationem,
957 3634 988 3682 at
1006 3644 1058 3703 pro
1078 3624 1217 3684 facultate
1238 3636 1337 3684 nostra
1357 3646 1453 3703 paras·

408 3703 488 3783 quod
501 3723 565 3761 sam
585 3701 741 3781 superioris
758 3700 908 3778 cujusdam
958 3723 1091 3781 qnemnr.
1117 3704 1456 3765 Nuncntuniversshoo

408 3801 584 3863 prorsusque
595 3780 700 3838 divina
714 3801 781 3839 cnm
794 3780 907 3857 sapien·
959 3782 1184 3861 summatimque
1200 3785 1340 3852 dicamus,
1358 3785 1456 3863 ecquis

408 3864 533 3920 tiaetnm
549 3858 702 3993 notestatis
715 3880 790 3938 opus
805 3858 908 3918 existi·
960 3864 1088 3930 obsecro,
1113 3874 1210 3922 totum
1237 3864 1293 3923 hoo
1323 3866 1501 3937 taberna-30

409 3950 508 3999 ment:
538 3938 587 3994 aii
608 3950 709 3996 contra
728 3939 838 3998 insulse
859 3939 910 3997 ad·
961 3942 1059 4001 onlnm
1078 3943 1236 4003 fabricatus
1254 3956 1309 4011 est,
1323 3944 1456 4011 sublime,

410 4017 540 4082 modum,
560 4016 685 4074 fortunae
706 4028 737 4076 st
759 4019 838 4077 casui
860 4019 911 4076 ad.
960 4021 1063 4089 altum,
1095 4035 1235 4091 erectum,
1266 4025 1393 4101 elegans,
1422 4022 1459 4083 sd

410 4096 653 4157 ministrationem
672 4117 785 4155 summa
801 4098 910 4175 dignis·
961 4121 1087 4169 sensum,
1112 4114 1234 4171 motum,
1255 4106 1409 4173 actionem,
1429 4114 1459 4162 st

412 4179 514 4239 simam
528 4176 719 4235 admiratione
737 4175 909 4237 defendunt.
961 4201 1047 4240 omns
1072 4182 1189 4259 quidem
1218 4184 1341 4243 sotionis
1368 4202 1460 4263 genus

625 4304 640 4334 ⁸
653 4303 708 4353 θα.
719 4306 751 4368 τῇ
762 4302 953 4369 Mummios
964 4305 999 4355 δτι
1010 4307 1101 4357 τοίπιιν
1112 4308 1243 4373 θπισκίιγει.
