3242 5150
381 327 459 444 'aaa
617 377 651 443 s.
674 378 921 443 ranarum
947 379 1205 443 maurinus

393 548 481 612 illum
504 547 851 635 versiculum,1arapor
870 559 898 614 at
919 570 991 614 cam
1013 571 1079 616 mea
1098 549 1256 636 requiam
1274 549 1310 614 ia
1327 570 1391 636 ape,
1405 551 1447 615 de

395 679 491 723 carne
502 657 635 722 Domini
648 659 717 723 haro
732 659 790 725 ait.

437 768 602 833 onoma.
626 769 783 834 Dominae
795 770 1117 856 June—acapna.

438 878 635 941 Primanus.
652 876 698 942 Et
712 884 787 964 post
800 901 915 964 pauca.

437 987 603 1053 Ouenasa
618 988 899 1055 Haeo-ooehm

437 1097 633 1163 Panrnmus.
649 1099 735 1178 Quid
754 1099 816 1164 hoc
831 1097 1007 1164 evidentius
1021 1106 1056 1164 et
1070 1097 1186 1164 clarius
1204 1097 1367 1184 abaliquo
1382 1097 1445 1162 diei

393 1215 502 1294 potest
515 1210 556 1273 de
569 1209 800 1275 resurrectione
820 1209 935 1287 carnis,
950 1231 1047 1294 quam
1066 1209 1240 1296 assignavit
1261 1231 1325 1274 uon
1342 1209 1444 1274 solum

392 1327 644 1384 resurrecturam
670 1343 691 1385 a
713 1319 858 1398 mortuis,
882 1341 992 1384 verum
1017 1319 1114 1385 etiam
1138 1321 1172 1384 iu
1195 1320 1304 1399 coelos,
1328 1321 1354 1386 si
1381 1342 1446 1406 qua

392 1431 502 1492 tamen
523 1426 557 1492 id
575 1427 738 1505 meruerit,
761 1429 994 1502 assumendam,
1018 1435 1200 1493 secuturam
1226 1426 1345 1492 scilicet
1370 1448 1445 1490 enm

393 1537 448 1623 qui
470 1537 700 1623 primogenitus
714 1559 755 1603 ex
776 1538 912 1603 mortuis
925 1538 1039 1614 iactus,
1055 1537 1176 1624 primus
1197 1539 1231 1603 in
1251 1538 1365 1603 carlum
1384 1559 1442 1602 na-

395 1655 504 1713 turam
518 1647 623 1712 carnis
633 1648 774 1712 iuverit?
796 1647 881 1727 Quid
892 1655 1000 1713 tamen
1013 1648 1047 1712 in
1058 1655 1171 1714 octavo
1183 1648 1303 1714 decimo
1313 1647 1444 1711 Psalmo

392 1754 470 1842 (ver.
482 1758 529 1840 6.)
545 1777 705 1843 exponens
726 1757 815 1822 ilium
829 1757 1028 1836 versiculum,
1044 1760 1088 1824 Ia
1108 1758 1168 1824 sola
1182 1759 1288 1844 mouit
1302 1755 1443 1823 atoma-

391 1865 494 1932 calam
507 1888 608 1944 acam,
621 1867 765 1944 senserit,
781 1868 959 1933 audiamus.

436 1977 599 2041 Omonura.
626 1977 711 2056 Quid
722 1978 951 2064 cat—-glon'u
965 1988 1030 2044 tac.

434 2085 630 2150 Parammon.
653 2086 856 2153 Erubescant
880 2089 979 2154 etiam
1004 2089 1049 2153 illi
1079 2088 1133 2174 qui
1162 2096 1196 2153 et
1223 2088 1285 2154 hoc
1310 2090 1350 2153 de
1372 2086 1444 2172 ipso

392 2218 457 2262 non
471 2196 701 2263 dubitaverunt
715 2199 903 2264 concinnare
921 2199 1119 2286 figmentum,
1134 2221 1196 2284 quo
1211 2199 1353 2266 dicerent
1367 2198 1444 2284 quia

391 2327 506 2392 corpus
520 2305 569 2370 vel
584 2326 712 2370 earnem
728 2305 850 2372 Christi
864 2310 1021 2394 usquead
1035 2308 1133 2372 solem
1148 2307 1226 2373 dicit
1240 2313 1392 2386 evectam,
1408 2314 1443 2372 et

391 2416 435 2480 ibi
450 2439 519 2482 esse
532 2416 725 2482 derelictam

435 2525 509 2592 Hoc
532 2527 617 2593 enim
640 2525 692 2592 ille
713 2526 756 2593 ab
776 2524 848 2592 aliis
870 2525 1002 2605 dictum,
1030 2549 1094 2593 non
1119 2533 1207 2593 recte
1229 2526 1350 2593 dietum
1373 2547 1443 2592 esse

391 2638 547 2706 confutat.
592 2639 656 2704 Sed
680 2640 889 2705 ostenderunt
910 2662 944 2705 se
965 2660 1006 2704 ne
1027 2640 1096 2705 haeo
1119 2639 1246 2726 quidam
1267 2636 1443 2723 intelligere

389 2748 532 2835 potuisse
547 2748 780 2813 obtrectatores
794 2748 863 2833 ejus
878 2770 950 2834 qure
964 2748 1017 2813 ille
1031 2750 1073 2815 ab
1088 2749 1158 2815 aliia
1173 2770 1238 2814 non
1249 2756 1337 2813 reete
1352 2745 1442 2813 dicta

390 2858 544 2943 coarguit,
568 2864 602 2922 et
623 2878 695 2943 qure
716 2863 791 2921 sunt
813 2878 883 2941 quse
906 2856 975 2943 ipse
998 2858 1175 2923 confirmat.
1220 2856 1303 2921 Tum
1328 2856 1443 2921 deinde

389 2966 488 3031 etiam
513 2966 558 3030 illi
580 2966 810 3051 impudentiam
835 2988 927 3033 suam
949 2969 1136 3045 retundant,
1158 2967 1213 3053 qui
1232 2967 1343 3033 dicunt
1368 2988 1442 3031 eum

390 3098 506 3160 corpus
532 3076 660 3161 quidem
684 3098 849 3162 resurgere
875 3078 1032 3157 confiteri,
1061 3100 1188 3144 carnem
1214 3100 1289 3143 vero
1314 3100 1442 3163 negare.

389 3182 547 3248 Desinant
575 3182 747 3267 aliquando
774 3206 796 3249 a
825 3184 1013 3264 maledictis,
1040 3186 1183 3252 videntes
1211 3208 1284 3251 eum
1313 3208 1443 3251 carnem

391 3290 488 3355 Verbi
518 3290 579 3355 Dei
604 3312 675 3354 eum
701 3291 770 3377 ipso
794 3292 907 3358 Verbo
933 3295 1006 3359 Deo
1029 3296 1063 3360 in
1092 3296 1184 3374 ooelo,
1211 3318 1274 3381 quo
1302 3296 1443 3361 Verbum

389 3400 543 3478 ascendit,
558 3399 729 3486 imponere.

435 3513 500 3580 His
515 3511 677 3600 conjungit
691 3513 732 3578 de
746 3512 908 3600 suppliciis
922 3521 1137 3600 peccatorum,
1153 3537 1224 3600 quae
1238 3538 1297 3581 nos
1316 3537 1443 3601 quoque

390 3630 620 3711 cousequenter
640 3623 684 3689 ad
709 3645 748 3689 ea
771 3646 842 3709 quae
869 3646 966 3711 supra
987 3626 1184 3705 dictasunt,
1211 3626 1441 3715 conjungimus,

391 3734 540 3818 quoniam
553 3734 711 3848 irgordine
726 3734 982 3800 criminationum
996 3735 1057 3801 iste
1072 3736 1178 3802 fuerat
1193 3739 1272 3802 omio
1287 3738 1440 3823 digestus.

513 3904 629 3970 Altera
642 3905 805 3992 responsio
817 3906 858 3970 ad
874 3906 1043 3991 septimam
1054 3907 1317 3975 criminationem.

779 4037 933 4104 uAPuu
956 4040 1058 4105 VIII.

727 4148 778 4213 De
785 4151 889 4235 peanis
896 4160 1098 4238 precarem.

505 4274 558 4339 Ex
571 4273 653 4339 libro
667 4277 805 4341 seeundo
820 4280 888 4361 περὶ
903 4281 1012 4364 ἀρχῶν.
1031 4280 1115 4366 (cap.
1129 4303 1160 4347 a.
1179 4300 1265 4346 num.
1274 4282 1322 4363 4.)

433 4386 598 4453 Oaroaurs.
614 4385 680 4470 Epo
694 4384 1091 4455 arbitror--Christum
