3242 5150
373 359 437 422 428
708 354 1089 419 ANNOTATIONES

368 525 476 610 judice
490 524 602 588 eodem
621 522 835 608 stillingfleto,
851 523 1025 608 Dionysius
1044 521 1078 585 in
1090 520 1200 603 ῥήσεσι
1220 519 1442 604 sequentibus

372 627 455 690 mire
469 625 650 710 eloquentie
671 623 880 711 philosophice
894 624 990 708 hujus
1010 623 1131 707 liquido
1145 619 1294 706 exposuit
1313 621 1440 685 irrisit-

373 749 435 812 que
449 726 631 791 stultitiam.

417 829 455 891 P.
467 847 542 913 399.
558 828 579 891 l.
593 827 622 890 8.
638 827 754 892 καὶτῶν
765 825 973 909 γεννωμένων]
989 824 1173 890 Articulum
1183 823 1262 887 mihi
1273 822 1437 907 praestitit

373 930 449 992 MS.
463 927 656 1004 Joanmme,
671 948 755 990 nunc
769 925 971 990 firmantibus
984 935 1116 1010 quatuor
1134 923 1381 1007 Gaissords'ceis.

393 1071 399 1084 ·
418 1030 457 1092 P.
473 1049 548 1108 400.
571 1028 592 1092 l.
607 1049 639 1109 4.
663 1031 680 1091 d
703 1029 899 1111 φιλοκρίνων]
928 1027 1057 1111 Optime
1082 1025 1228 1090 rescribit
1252 1024 1390 1109 Vigenrs
1413 1026 1433 1086 d

374 1131 573 1213 φυλοκρίνων.
618 1129 771 1193 Proxime
785 1135 861 1213 post
879 1126 1009 1210 διαχέων
1027 1149 1087 1212 pro
1106 1127 1254 1209 ἆναχέων,
1271 1134 1305 1191 et
1319 1125 1434 1208 γέννη-

374 1259 422 1296 ται
436 1253 495 1316 pro
508 1232 641 1314 γένηται,
658 1233 733 1295 Me.
771 1230 836 1293 Sed
858 1230 985 1308 ἀτόμους
1007 1250 1047 1292 ex
1068 1227 1332 1292 antecedentibus
1353 1229 1431 1291 sub-

373 1333 459 1398 cudi.
504 1334 698 1415 Φυλοκρίνον
712 1353 794 1395 nnus
808 1331 849 1394 de
863 1330 948 1394 codd.
967 1329 1124 1413 caesore.

417 1434 501 1498 Ibid.
516 1434 538 1497 l.
550 1437 581 1498 6.
597 1434 688 1498 τάσδε
703 1436 737 1497 δὲ
752 1432 816 1516 ὡδὶ]
833 1432 886 1496 Sic
902 1454 960 1516 pre
974 1437 1027 1498 τὰς
1045 1435 1078 1496 δὲ
1098 1433 1150 1496 ὡδὶ
1164 1453 1205 1495 ex
1220 1432 1316 1495 Meto
1330 1430 1428 1496 edidi.

374 1535 589 1600 Consentiunt
603 1544 662 1599 tres
678 1533 908 1618 Gaisscrdicci.
1091 1579 1107 1592 ,

420 1637 503 1702 Ibid.
519 1636 539 1699 Ι.
553 1637 583 1698 8.
596 1635 726 1720 φαῦσιν]
751 1635 836 1698 Olim
858 1637 960 1717 φύσιν,
977 1635 1062 1719 quod
1082 1633 1203 1697 mutevi
1225 1653 1298 1696 cum
1312 1639 1429 1714 φοῦσιν

372 1736 508 1802 lectione
522 1737 625 1800 Meti.
669 1735 698 1798 F
700 1735 819 1799 irmsut
834 1735 972 1820 quinque
987 1735 1072 1800 codd.
1090 1735 1260 1819 Getesmdi.

418 1839 499 1903 Ibid.
522 1838 543 1902 l.
560 1839 588 1901 8.
610 1839 741 1917 ἡλιακαὶ,
768 1837 906 1920 τοσαίδε]
935 1836 1016 1900 Fide
1040 1837 1132 1900 MSti
1153 1836 1343 1920 particulam
1368 1839 1426 1914 καλ,

374 1962 445 2025 quae
459 1940 596 2003 fortasse
619 1961 659 2002 ex
680 1938 890 2003 antecedente
905 1961 981 2003 voce
1003 1940 1123 2017 ἡλιοκοὶ
1140 1945 1217 2002 nate
1237 1949 1318 2016 erut,
1335 1939 1427 2002 omisi

373 2048 450 2106 unte
464 2043 595 2104 τοσαίδε.
639 2040 805 2105 Omittunt
820 2041 868 2103 καὶ
882 2049 943 2104 tres
955 2039 1065 2124 empti
1081 2039 1306 2123 Gadfhrdicei.

418 2143 457 2206 P.
474 2161 548 2218 401.
569 2141 590 2204 l.
605 2160 635 2217 4.
657 2142 897 2226 συγκεχυμένην]
927 2141 1030 2205 Prout
1054 2140 1222 2225 legendum
1245 2142 1426 2226 conjecerat

374 2243 524 2328 Vigerus,
540 2241 585 2305 sie
599 2240 716 2326 legitur
730 2244 763 2305 in
778 2244 875 2307 Meto
889 2263 948 2326 pro
958 2243 1234 2324 συγκεχωρημένην.
1269 2242 1427 2306 Scribitur

374 2343 558 2430 paulopost
579 2344 612 2406 in
626 2344 724 2407 ecdem
744 2345 844 2408 codice
865 2345 918 2408 τὸν
940 2345 1040 2421 ἵππον,
1056 2343 1112 2406 sed
1132 2343 1226 2420 mele,
1242 2351 1277 2409 et
1297 2350 1426 2425 σφενδο-

376 2446 473 2525 νήτας,
489 2452 524 2509 et
538 2444 574 2507 ἵν’
590 2443 747 2522 αλλήλοις.
794 2443 955 2508 Omissum
970 2449 1021 2507 est
1035 2443 1152 2507 ibidem
1171 2445 1219 2508 καὶ
1238 2445 1336 2509 πάντα
1349 2452 1425 2509 ante

376 2548 493 2627 ἀναμίξ.
538 2545 584 2612 Et
607 2545 747 2624 inferius,
764 2549 871 2613 ἑαυτὰς
890 2552 983 2610 extet
1004 2567 1062 2631 pro
1085 2546 1183 2615 αὑτάς.
1224 2547 1352 2612 Sufficit
1374 2547 1425 2611 hic

377 2648 492 2725 dicere,
508 2658 568 2712 tres
584 2647 747 2731 Gniesordi
761 2647 874 2711 codices
887 2668 986 2711 ccccm
999 2656 1154 2730 preestere
1169 2650 1402 2732 συγκεχυμένην.

421 2750 455 2816 Ρ.
465 2768 539 2831 402.
555 2750 577 2813 l.
588 2769 621 2834 3.
638 2753 712 2813 κατὰ
726 2749 779 2813 τὸν
793 2749 931 2831 ποιητὴν]
952 2748 1057 2832 odyn.
1072 2748 1109 2830 ρ’.
1124 2772 1188 2814 ver.
1204 2752 1276 2815 218.

507 2854 566 2915 Kal
579 2854 635 2930 μὲν
650 2851 685 2929 δὴ
699 2850 783 2930 μάλα
797 2850 898 2933 πάγχυ
914 2848 1003 2917 κακὸς
1017 2852 1109 2916 κακὸν
1123 2854 1274 2934 ἡγηλάζει.

505 2952 563 3020 Ὡς
576 2953 623 3015 ἀεὶ
638 2952 692 3017 τὸν
706 2956 810 3032 ὁμοῖον
825 2954 892 3033 ἄγει
908 2952 988 3019 Θεὸς
1002 2956 1043 3019 εἰς
1057 2954 1110 3018 τὸν
1125 2957 1237 3033 ὁμοῖον.

422 3053 507 3116 Ibid.
523 3053 545 3115 l.
560 3074 610 3132 14.
626 3056 658 3115 cl
672 3054 870 3137 συνωμοσίας]
890 3056 986 3119 Hunc
1001 3075 1109 3118 vocem
1123 3057 1200 3120 MS.
1213 3058 1425 3142 suppeditavit

377 3175 436 3237 pro
451 3155 676 3233 συνομολογίοι,
694 3155 778 3236 qued
794 3154 1113 3240 interpretamentum
1127 3176 1195 3218 esse
1209 3153 1344 3220 videtur.
1370 3156 1423 3219 In-

377 3255 427 3316 lre
455 3252 495 3315 de
516 3252 616 3316 stellis
637 3252 685 3316 eit
708 3259 833 3343 auster,
860 3257 907 3318 καὶ
932 3259 984 3323 τὰς
1008 3258 1082 3337 πρὸς
1106 3256 1172 3322 τοὺς
1199 3258 1426 3339 πλησιοχώρους

377 3352 559 3436 γειτνιάσεις
576 3351 826 3419 ἘΝΩΜΟΤΩΣ
842 3356 888 3419 καλ
907 3356 970 3434 μετ’
990 3355 1105 3438 εἰρήνης
1124 3356 1337 3438 φυλάττουσιν.
1351 3380 1424 3443 pag.

376 3476 452 3538 404.
473 3454 527 3519 liu.
544 3475 593 3519 10.
640 3455 784 3541 Spectari
804 3455 889 3519 inter
910 3456 978 3521 haec
999 3457 1148 3521 videntur
1169 3456 1334 3520 duodecim
1354 3456 1425 3521 coeli

378 3558 491 3622 domus
512 3579 569 3621 seu
590 3558 669 3642 topi,
685 3558 726 3621 de
748 3556 873 3641 quibus,
888 3578 960 3620 cum
981 3557 1045 3637 alii,
1061 3564 1131 3623 tum
1153 3558 1315 3623 Manilius.
1331 3584 1424 3623 ουνω-

376 3662 481 3739 poclm
495 3682 578 3725 nunc
594 3666 750 3746 praestent
761 3660 857 3724 MS
868 3658 999 3744 quicque
1015 3660 1187 3745 Gcissords’.

423 3759 504 3823 Ibid.
520 3760 541 3822 l.
557 3763 605 3825 18.
622 3762 714 3845 οὗτοι]
731 3762 805 3825 Hoc
820 3760 923 3845 recepi
939 3781 978 3824 ex
993 3762 1090 3826 Meto
1105 3783 1164 3846 pro
1179 3762 1270 3825 ciret

423 3859 461 3922 P.
477 3879 551 3943 403.
574 3860 596 3923 l.
613 3880 643 3924 2.
670 3862 858 3945 ἐποπτεύειν]
883 3863 957 3925 Hoc
981 3883 1106 3946 qnoque
1130 3884 1169 3925 ex
1196 3864 1308 3927 eodem
1330 3863 1425 3927 Meto

378 3968 540 4045 sumptum
562 3983 621 4045 pro
642 3964 819 4026 ὑποπτεύειν
846 3964 946 4047 posui.
991 3963 1093 4027 Paulo
1116 3963 1201 4028 inire
1223 3964 1332 4040 hebes,
1356 3962 1423 4027 ἀλλ’

376 4062 445 4124 οὐδὲ
460 4062 514 4139 τὴν
529 4061 634 4142 ἑτέραν
648 4065 865 4129 ἐπισκοποῦσιν
880 4068 1082 4145 ἆνακύκλησιν
1099 4066 1198 4139 αὐτοῦ,
1212 4065 1276 4127 καθ’
1288 4065 1325 4143 ἣν
1339 4066 1423 4145 ὡρισ-

376 4160 469 4239 μένας
485 4162 539 4225 tte.
571 4162 739 4230 consentit·
750 4188 821 4230 cum
834 4168 911 4233 MS.
924 4168 1015 4233 Jccc.
1031 4189 1108 4232 ιυιυο
1118 4190 1155 4231 ια
1171 4166 1409 4252 Gciescrdicnu.
