3242 5150
366 400 432 463 882
562 477 566 485 Ι
599 399 632 462 S.
655 396 900 461 PAMPHILI
925 395 1184 460 MARTYRIS

368 569 466 635 dubio
480 567 708 634 successionem
721 568 887 632 traducem
902 587 1026 652 quoque
1037 565 1103 630 lieri
1119 565 1308 640 animarum,
1317 564 1417 630 etiam

367 680 427 766 ipsi
450 679 525 763 quid
548 677 634 742 aliud
657 678 842 753 ostendunt,
864 675 924 740 nisi
947 675 1071 740 animas
1094 697 1163 740 esse
1188 675 1359 740 mortales?
1381 675 1417 740 si

368 791 452 854 enim
477 788 560 854 sicut
580 787 731 854 animalia
751 794 870 852 oaetera
891 809 931 852 ex
952 787 1020 852 solo
1045 787 1163 852 semine
1188 787 1346 861 oriuntur,
1369 786 1418 851 ita

368 898 467 962 etiam
489 900 530 963 de
552 897 732 962 hominibus
754 897 938 974 sentiamus,
961 904 999 960 ut
1020 917 1092 960 cum
1113 917 1244 982 corpore
1270 895 1362 960 simul
1384 895 1418 958 in

369 1008 481 1072 eodem
495 1009 613 1072 semine
627 1008 726 1073 etiam
738 1007 846 1071 anima
860 1006 1065 1084 diffundatur,
1078 1007 1155 1092 quid
1169 1006 1302 1072 dicimus
1313 1008 1354 1071 de
1368 1007 1418 1071 bis

370 1117 425 1203 qui
439 1117 613 1203 imperfecti
632 1117 737 1182 adhuc
750 1123 785 1182 et
804 1118 844 1181 de
859 1125 969 1182 ventre
983 1115 1090 1182 aborsi
1109 1123 1196 1193 sunt,
1211 1123 1245 1182 et
1263 1116 1317 1202 qui
1336 1137 1417 1180 non-

370 1249 532 1312 nunquam
556 1227 654 1291 etiam
676 1235 850 1312 antequam
874 1225 1072 1290 vasculorum
1097 1227 1291 1291 naturalium
1311 1247 1418 1310 recep-

370 1339 485 1404 taculis
509 1338 630 1403 semina
654 1338 719 1403 siut
743 1344 901 1422 suscepta,
926 1338 1121 1422 depereunti
1150 1339 1192 1402 ln
1215 1336 1329 1422 quibus
1350 1335 1419 1400 sine

370 1448 468 1513 dubio
489 1448 685 1525 invenietur3
708 1448 793 1532 quod
813 1447 905 1511 simul
924 1446 1021 1511 etiam
1041 1446 1102 1510 illae
1117 1469 1189 1532 quae
1208 1445 1346 1510 naturali
1367 1467 1419 1510 ra·

372 1558 460 1622 tione
469 1558 640 1622 seminibus
650 1557 778 1622 insertae.
788 1557 915 1622 inerant
924 1557 1049 1633 animae,
1059 1556 1211 1621 extinctae
1222 1556 1287 1620 sint
1297 1555 1421 1640 pariter

371 1674 407 1731 et
420 1674 589 1751 corruptae.
634 1666 706 1732 Sive
728 1688 804 1752 ergo
826 1688 868 1730 ex
889 1666 1101 1730 insufflatione
1120 1662 1181 1730 Dei
1204 1667 1277 1744 sint,
1292 1667 1357 1730 siva
1376 1666 1419 1730 ab

372 1799 437 1841 una
450 1776 505 1842 illa
519 1799 589 1863 quae
605 1778 708 1862 prima
721 1778 809 1843 iacta
824 1785 893 1852 est;
918 1777 1095 1842 necessario
1109 1776 1202 1841 simul
1217 1798 1289 1840 cum
1305 1797 1418 1862 corpo·

372 1884 460 1950 ribus
479 1893 734 1969 corrumpantur,
748 1885 776 1949 si
790 1886 936 1950 eamdem
950 1907 1022 1950 cum
1041 1885 1227 1970 corporibus
1244 1885 1342 1950 etiam
1356 1885 1420 1950 ori·

371 1996 478 2079 ginem
504 2002 633 2059 sumunt
661 1996 834 2060 secundum
863 1995 1003 2081 ipsorum
1027 1997 1194 2060 rationem.
1241 1996 1310 2060 Aut
1335 1995 1421 2060 enim

372 2104 451 2169 nihil
465 2104 593 2168 omuino
606 2126 647 2167 ex
661 2104 843 2168 rationabili
862 2113 960 2191 atque
978 2107 1149 2172 immortali
1165 2107 1271 2170 anima
1288 2105 1420 2191 partici-

373 2216 462 2303 pavit
475 2214 552 2277 illud
568 2214 654 2298 quod
668 2213 772 2278 adhuc
786 2215 822 2278 iu
835 2223 945 2281 ventre
959 2223 1144 2301 corruptum
1159 2223 1228 2293 est3
1247 2221 1281 2281 et
1293 2215 1422 2302 repulsa

372 2326 426 2391 illa
447 2325 532 2390 ratio
551 2333 601 2389 est
623 2347 693 2409 quae
715 2325 854 2392 affirmat
876 2348 947 2391 eam
969 2327 1001 2390 in
1024 2328 1151 2392 seminis
1172 2328 1306 2392 traduce
1328 2325 1421 2391 simul

373 2457 446 2500 cum
466 2435 650 2520 corporibus
672 2436 879 2501 seminatam:
910 2444 968 2501 aut
991 2436 1018 2500 si
1045 2436 1227 2521 participat,
1249 2437 1421 2501 necessitas

373 2546 516 2611 imminet
532 2545 675 2611 confiteri
694 2545 863 2611 mortalem
882 2567 950 2611 esse
972 2546 1128 2611 animam:
1153 2548 1238 2632 quod
1261 2547 1340 2612 lides
1359 2548 1423 2613 uti·

373 2680 435 2744 que
449 2666 561 2723 nostra
574 2679 638 2752 non
652 2658 775 2745 recipit.
813 2660 1039 2723 Verumtamen
1057 2659 1134 2743 quid
1148 2668 1198 2724 est
1212 2661 1297 2745 quod
1313 2682 1352 2725 ex
1372 2660 1423 2725 his

373 2769 519 2833 omnibus
541 2769 668 2833 ostendi
690 2768 852 2833 volumus!
877 2768 959 2832 Illud
983 2768 1137 2854 profecto,
1156 2770 1240 2853 quod
1263 2770 1348 2836 sicut
1366 2770 1422 2859 eos

374 2879 427 2963 qui
443 2900 539 2942 unam
559 2877 733 2962 quamlibet
755 2879 795 2942 de
814 2878 864 2943 his
884 2900 964 2962 quas
976 2900 1079 2962 supra
1097 2878 1309 2963 exposuimus,
1330 2879 1420 2966 opin-

372 2988 478 3052 ionem
506 3009 615 3052 veram
639 2996 766 3074 putant,
793 3009 857 3052 non
886 2995 976 3054 recta
1004 2989 1128 3054 ratione
1156 2988 1322 3054 haereticos
1351 2988 1423 3074 quis

373 3096 526 3181 appellat,
540 3118 598 3180 pro
613 3118 651 3161 eo
667 3098 750 3182 quod
773 3120 876 3182 neque
890 3120 930 3162 ex
950 3097 1064 3162 divinis
1080 3098 1253 3184 Scripturis
1267 3098 1347 3163 certi
1365 3097 1422 3162 ali-

373 3206 450 3291 quid
472 3205 512 3269 de
535 3205 586 3269 his
608 3206 656 3269 vel
676 3205 842 3270 manifeste
864 3206 984 3271 dictum
1005 3228 1073 3271 esse
1095 3207 1367 3293 videamusque
1388 3206 1422 3271 in

374 3314 600 3401 praedicatione
613 3314 838 3379 Ecclesiastico
852 3316 1024 3381 contineri:
1049 3317 1096 3381 ita
1111 3339 1212 3402 neque
1226 3318 1309 3383 huno
1320 3318 1423 3382 virum

374 3425 494 3510 culpari
504 3426 628 3509 justum
638 3434 699 3503 est,
711 3425 919 3491 disserentem
932 3428 1017 3511 quod
1029 3427 1086 3491 sibi
1101 3428 1200 3492 visum
1212 3434 1272 3506 est,
1284 3428 1422 3493 maxima

373 3557 446 3601 cum
466 3535 544 3600 illud
565 3535 722 3620 proecipue
741 3536 922 3613 servaverit,
940 3538 1024 3620 quod
1042 3537 1076 3600 in
1091 3537 1234 3602 Ecclesia
1248 3539 1288 3602 de
1307 3537 1423 3602 animae

373 3647 570 3713 coniessione
596 3647 714 3711 servari
738 3644 926 3711 omnimodis
948 3646 1053 3723 debet,
1077 3646 1193 3725 idest,
1217 3670 1256 3712 ne
1283 3646 1423 3713 diversus

374 3763 507 3820 naturas
533 3776 602 3820 esse
627 3756 748 3820 diceret
772 3755 967 3821 animarum:
1003 3756 1080 3841 quin
1105 3757 1201 3821 immo
1221 3765 1255 3822 ct
1281 3756 1424 3823 dicentes

374 3865 550 3950 redarguit,
563 3873 598 3930 et
619 3867 797 3931 vehementi
819 3867 994 3932 assertione
1008 3866 1172 3932 convincit.
1218 3867 1294 3951 Ipse
1315 3876 1425 3933 autem

373 3974 496 4038 latetur
510 3973 602 4037 unius
616 3974 805 4040 substantiae
820 3997 930 4041 omnes
944 3999 1012 4041 esse
1026 3977 1160 4055 animas,
1175 3985 1209 4042 et
1229 3978 1424 4043 immortales

373 4105 412 4149 ac
438 4082 655 4160 rationabiles,
679 4084 770 4148 liberi
798 4085 923 4151 arbitrii
949 4108 987 4151 ac
1012 4086 1204 4151 voluntatis:
1234 4087 1424 4172 judicandas

376 4214 501 4278 quoque
515 4212 584 4255 esse
600 4212 659 4276 pro
673 4191 723 4256 his
738 4214 806 4276 quae
821 4193 854 4257 in
869 4193 928 4259 bac
944 4195 1011 4260 vita
1024 4204 1208 4281 gesserunt:
1233 4218 1301 4261 esse
1315 4203 1424 4261 tamen

374 4326 429 4368 eas
444 4301 546 4368 lactas
561 4325 581 4367 a
596 4301 677 4381 Deo,
694 4301 748 4387 qui
762 4303 909 4368 universa
922 4304 1041 4369 creavit
1055 4313 1088 4370 et
1098 4306 1249 4371 condidit.
1287 4306 1423 4383 Quando
