3242 5150
542 1194 889 1276 EXCERPTA

220 1411 257 1482 S.
282 1411 522 1485 DIONYSII
554 1412 931 1486 ALEXANDRINI
959 1411 1203 1497 EPISOOPI,

261 1607 313 1662 Ex
331 1608 457 1664 unlus
475 1610 569 1666 mus
588 1612 642 1666 DE
663 1612 822 1667 NATURA
840 1611 893 1666 AD
911 1609 1161 1673 ΤΙΜΟΤΗΕΙΙΜ,

186 1705 358 1767 ALIAQUE
376 1708 619 1765 DIONYSIANA
636 1711 679 1766 IN
697 1710 851 1766 NICETAE
871 1709 1023 1766 cliuus
1041 1708 1084 1763 IN
1099 1707 1234 1764 JOBUM

157 1821 175 1881 5
635 1814 781 1871 Poslun.

572 2000 850 2049 -φ-

600 2167 823 2227 MONITUM.

184 2277 287 2358 CUM
299 2298 332 2357 S.
342 2298 478 2377 Dionysii
489 2296 682 2356 Alexandrini
695 2296 845 2377 Reliquias
856 2299 936 2378 operi
949 2319 1015 2357 meo
1029 2298 1153 2376 adjicere
1163 2298 1232 2357 olim

183 2395 358 2460 statuissem,
374 2404 529 2471 antequam
542 2394 671 2452 noverim
681 2394 761 2453 hunc
771 2394 948 2472 scriptorem
964 2395 1118 2471 separatim
1132 2394 1233 2452 Βοιιιω

183 2493 295 2553 editum
310 2492 412 2559 fuisse,
427 2512 460 2551 ac
474 2500 629 2571 propterea
643 2490 792 2570 Exoerpta
805 2491 959 2550 Librorum
974 2492 1037 2568 ejus
1056 2492 1093 2552 de
1106 2493 1233 2551 Natura·

138 2601 272 2668 1oatque
297 2591 387 2665 ῥήσεις
413 2590 477 2668 ejus
500 2589 532 2647 in
555 2587 672 2648 Nioetoe
699 2591 810 2648 Cateua
837 2590 868 2647 iu
895 2588 1004 2647 Jobum
1029 2600 1168 2669 repertas,
1196 2608 1233 2650 ex

185 2686 308 2746 Msstis
327 2687 545 2747 oxoniensibus
566 2685 775 2755 emendassem,
797 2686 898 2746 eadem
917 2685 979 2744 hoeo
1003 2686 1149 2765 inpriore
1170 2683 1232 2744 edi-

185 2782 266 2840 tione
279 2782 437 2860 divulgavi,
456 2782 544 2841 simul
566 2792 655 2860 atque
670 2782 847 2842 canonicam
866 2782 1002 2862 Dionysii
1017 2781 1182 2861 Epistolam
1197 2781 1234 2840 ad

185 2877 354 2946 Basilidem,
366 2899 452 2958 quam
471 2900 549 2939 ame
562 2880 619 2938 mei
639 2881 735 2958 operis
753 2880 829 2937 ratio
841 2880 1019 2958 requirebat.
1059 2877 1149 2950 Quod
1163 2878 1232 2937 olim

184 2974 252 3045 feci,
274 2974 306 3035 id
333 2996 411 3035 nuuc
434 2996 551 3055 quoque
573 2978 707 3057 proestiti,
730 2998 798 3035 oum
822 2996 904 3035 nove
930 2976 1067 3035 editionis
1086 2974 1233 3035 defecata·

138 3070 277 3151 ¹⁵1¹¹011oe
291 3082 379 3148 atque
393 3074 530 3153 perfectu
542 3073 744 3151 Reliquias-um
760 3073 792 3131 S.
805 3073 939 3153 Dionysii
954 3091 1020 3151 spes
1034 3091 1081 3130 me
1093 3072 1233 3131 frustrata

183 3169 285 3228 fuerit.

693 3465 722 3528 1.

183 3719 242 3796 καὶ
270 3725 344 3802 τοῖς
366 3718 594 3826 σοφωτάτοις
611 3718 804 3818 Ἑλλήνων
830 3718 1002 3797 Πλάτωνι
1024 3722 1082 3798 καὶ
1109 3724 1231 3799 Πυθα-

182 3853 286 3959 γόρᾳ,
305 3856 363 3933 καὶ
387 3862 461 3939 τοῖς
489 3854 561 3936 ἀπὸ
588 3860 652 3955 τῆς
679 3862 792 3940 στοᾶς
817 3857 876 3934 καὶ
894 3855 1123 3964 Ἡρακλείτῳ
1148 3858 1232 3964 φηί.

134 4104 174 4142 20
479 4090 639 4165 Interprete
654 4091 807 4148 Francisoo
826 4089 936 4163 Vigero

418 4193 445 4251 1
731 4194 776 4252 bis
797 4194 1025 4271 Groecorumque
1054 4192 1232 4271 sapientissi-

224 4274 348 4333 Uunuu
358 4294 452 4333 nuum
462 4284 615 4351 astatque
629 4294 681 4352 ap·
732 4273 787 4331 mis
798 4271 914 4330 Platoni
926 4284 957 4331 et
970 4272 1153 4352 Pythsgorffi
1164 4272 1232 4330 Sto-

181 4367 246 4413 tum
258 4373 562 4421 exseseumversum
576 4354 681 4413 utino
733 4352 796 4419 icis,
817 4363 847 4410 et
866 4352 1018 4412 Heraclito
1039 4352 1172 4411 videtur:
1194 4371 1231 4409 an

226 4473 297 4515 von.
313 4474 357 4515 ιι.
666 4470 685 4535 3
703 4470 722 4510 s
