3242 5150
388 396 661 463 CONCILIUM
685 400 1009 468 ARELATENSE
1033 403 1061 466 1.
1186 404 1253 472 317

699 856 760 922 VI.

367 1039 439 1110 EX
465 1038 714 1114 EPISTOLA
739 1040 1094 1115 CONSTANTINI

234 1221 294 1297 ‘su
314 1240 538 1299 uunnmun
560 1241 766 1300 menarum
787 1242 959 1309 numum,
981 1243 1099 1300 nuuc
1121 1243 1224 1300 annu

607 1348 852 1420 umunumn,

251 1527 341 1590 Doto
360 1548 400 1591 ιν.
423 1526 503 1591 Idus
523 1525 708 1592 Novom
728 1525 842 1594 Sabino
865 1537 894 1594 ot
912 1528 1034 1612 Iduffiuo
1059 1529 1136 1594 coc.
1160 1549 1211 1592 au.

633 1637 749 1704 cumn·
761 1640 836 1724 316.

246 1778 402 1843 &monuo
422 1778 459 1844 do
479 1777 674 1844 Absolutum
696 1779 869 1856 Uaeciliuni,
890 1800 982 1864 quam
1005 1778 1221 1844 Cmtsiontimts

506 1889 684 1955 Modiohui
691 1891 958 1976 pronuntiaverat.

230 2023 328 2089 Euat
341 2024 429 2110 apud
439 2025 604 2111 Aupuuts’u.
625 2025 749 2092 &utra
762 2025 966 2091 Orcsoouium
980 2024 1034 2089 bb.
1043 2025 1086 2088 iii.
1101 2045 1170 2108 cap.
1184 2039 1236 2107 71.
1333 2115 1335 2118 Ι

250 2163 481 2232 Iusuucudhuc.
493 2162 897 2242 (uitS.Augustiu.)etve1-bu
906 2161 1090 2222 Constantini
1103 2181 1143 2220 ex
1151 2159 1260 2220 litteris
1317 2195 1321 2204 ·

209 2261 274 2338 ejus
290 2261 328 2320 ed
348 2261 516 2320 Eumalium
530 2261 693 2328 Vicurium,
707 2259 757 2319 ubi
777 2280 809 2320 sc
827 2261 904 2320 inter
922 2273 1020 2339 partes
1034 2259 1212 2339 cognovisse,
1228 2268 1259 2318 et

211 2357 395 2417 innocentem
404 2357 593 2417 Omdliunum
602 2357 775 2436 comperisse
783 2367 917 2416 testetur.
941 2359 1103 2417 Cumeuim
1115 2367 1259 2416 narrasset

210 2455 242 2512 in
262 2455 309 2514 his
329 2472 394 2532 quoe
416 2474 512 2533 supro,
526 2454 643 2514 locutus
655 2465 711 2520 est,
725 2453 969 2532 quemadmodum
987 2453 1024 2514 sd
1040 2455 1185 2532 judicium
1195 2453 1260 2529 ejus

210 2561 279 2630 pout
292 2551 467 2631 episcopalis
475 2550 589 2629 judicis
602 2561 700 2631 partes
713 2549 862 2631 perdocte
875 2552 1003 2620 fuerint;

255 2682 296 2746 Iu
326 2703 390 2766 quo
415 2678 550 2767 pervidi,
573 2684 675 2758 inquit,
700 2680 903 2747 Oseoiliauum
931 2680 1034 2746 virum
1058 2680 1143 2746 omni
1173 2681 1261 2746 inuo-

212 2790 319 2857 ocutiu
333 2790 511 2877 preditum,
526 2812 565 2855 ec
579 2791 689 2856 debite
702 2790 862 2877 roligionis
875 2813 941 2857 suae
953 2792 1056 2857 officis
1070 2802 1260 2872 sorrentum,

213 2902 305 2987 eiquc
324 2902 374 2967 its
392 2908 431 2967 ut
449 2900 593 2987 oportuit
611 2900 818 2966 servientem:
842 2923 900 2967 ucc
923 2901 1021 2966 ullum
1037 2902 1071 2966 iu
1091 2924 1129 2967 eo
1144 2902 1262 2968 crimen

213 3011 344 3098 reperiri
359 3012 509 3097 potuisse,
524 3011 620 3076 aidan
633 3012 791 3098 opposuit,
805 3010 888 3077 sicut
899 3011 1024 3077 absenti
1034 3011 1140 3077 suerat
1154 3012 1262 3076 udvcr-

212 3123 368 3189 seriorum
382 3144 511 3188 suorum
525 3121 726 3189 simulatione
739 3122 958 3209 compositum.
1162 3120 1163 3125 ’

248 3238 296 3296 De
309 3236 410 3296 eodem
425 3236 446 3294 J
448 3236 545 3296 udicio
558 3236 754 3315 Augustinus,
771 3236 921 3295 Breuiculo
936 3235 1099 3295 collationis
1112 3234 1169 3294 diei
1184 3234 1227 3293 iii.

677 3352 710 3392 cu
733 3377 740 3391 .
755 3352 768 3391 1
793 3375 801 3392 .

256 3446 423 3507 Recitatum
440 3456 485 3505 est
505 3445 657 3506 Judiuium
672 3352 868 3513 Coliastuiutiui,
883 3446 1126 3523 quemadmodum
1141 3466 1173 3505 ss
1186 3446 1263 3504 inter

214 3554 312 3624 partes
338 3562 466 3603 caunum
494 3542 641 3602 Ceciliaui
665 3544 831 3622 cognovisse
858 3543 894 3602 ad
918 3542 1086 3601 Eumelium
1112 3541 1262 3601 vicarium

215 3640 325 3700 Africus
345 3640 516 3720 scripsisset,
537 3639 616 3717 qnod
636 3641 757 3698 remotis
777 3640 912 3699 omnibus
933 3639 1058 3704 arbitria,
1076 3637 1262 3697 Coeciliuuum

215 3738 410 3807 innocentem,
425 3735 492 3796 illos
505 3736 780 3796 calumniosissimos
792 3736 962 3814 cognovisse
975 3746 1100 3795 testetus
1114 3744 1168 3793 est.

441 3924 522 3983 Idem
537 3874 568 3982 in
580 3923 628 3982 lib.
639 3932 705 4002 post
721 3923 901 3984 Coliaticnmi
915 3941 979 4001 cop.
991 3940 1040 3998 33.

257 4038 470 4098 Constantinus
482 4037 520 4096 ud
533 4036 701 4096 Eumalium
716 4035 868 4096 Vicurium
880 4034 917 4095 de
931 4034 1105 4115 purgatione
1115 4032 1264 4093 Caeciliani

216 4132 332 4211 scripsit
346 4132 455 4191 Sabino
467 4143 500 4192 et
514 4133 631 4192 Ruffiuo
644 4134 727 4193 Coss.
739 4152 780 4193 ιν.
803 4134 875 4194 ldus
889 4132 1079 4201 Novembres,
1094 4130 1124 4189 id
1139 4140 1183 4189 cst
1198 4139 1265 4208 post

218 4227 366 4287 biennium
388 4240 419 4287 et
440 4248 554 4288 meuses
573 4230 636 4290 iere
648 4243 725 4290 octo.
739 4232 769 4290 b.
785 4242 873 4300 est,a
894 4228 1066 4310 purgatione
1086 4227 1193 4287 Felicis
1210 4226 1266 4286 sub

218 4321 337 4382 AEliuuo
350 4324 532 4403 proconsule,
548 4338 582 4385 ut
596 4327 637 4386 uit
651 4326 758 4387 ibidem
774 4328 969 4407 Augustinus.
