3242 5150
387 410 546 474 GESTA
570 409 703 472 APUD
726 407 1061 472 ZENOPHILUM.
1188 407 1253 470 333

205 579 244 640 V.
256 579 293 642 0.
306 579 479 643 consularis
490 578 588 644 dixit:
607 580 768 662 Pauperes
779 599 843 642 non
853 579 1060 663 aeosperunti
1071 577 1248 641 Dixarunt:

207 687 309 750 Nemo
323 687 401 749 nihii
415 687 549 770 aooepit.
580 686 774 772 Zenophilus
789 689 827 751 V.
837 686 873 751 C.
889 685 1062 752 eonsularis
1080 685 1253 750 Saturnino

206 803 240 860 63
267 797 387 861 Vietori
416 796 515 861 dixit:
549 795 640 859 Nihil
665 797 706 859 do
734 795 809 860 1666
838 795 966 880 Serapis
995 795 1156 858 sublatum
1184 796 1255 858 6631

208 906 399 971 Saturninus
418 911 452 969 et
473 906 584 969 Viator
606 905 774 968 dixerunt:
802 904 979 988 Purpurius
999 902 1074 968 tulit
1096 924 1203 987 eupas,
1220 911 1254 966 et

208 1015 354 1078 Silvanus
376 1014 542 1097 episeopus
564 1019 598 1075 63
622 1011 760 1075 Dontius
784 1019 819 1075 et
844 1012 994 1096 Superius
1018 1012 1195 1096 presbyteri
1221 1019 1255 1075 63

208 1125 371 1188 Lusianus
382 1125 534 1188 diaeonus
547 1122 691 1187 tulerunt
704 1130 840 1186 aestum.
871 1123 1064 1206 Zenophilus
1081 1125 1116 1185 V.
1127 1122 1163 1187 O.
1180 1144 1254 1185 666-

174 1271 177 1276 -
207 1235 321 1299 sularis
335 1235 434 1298 dixit:
459 1233 677 1318 Responsione
694 1233 833 1296 Victoris
846 1232 1047 1318 grammatiei
1062 1239 1096 1297 63
1117 1232 1254 1296 Viotoris

209 1343 379 1414 Samsuriei
401 1352 435 1407 63
459 1341 620 1406 Saturnini
641 1341 755 1404 elaruit
776 1363 853 1405 vera
876 1362 944 1404 asse
966 1340 1072 1405 omnia
1090 1361 1161 1425 quae
1183 1363 1255 1426 sug·

207 1453 307 1537 gessit
322 1452 551 1514 Nundinarius.
590 1449 844 1515 Submoveantur
858 1458 891 1515 63
907 1458 1032 1515 exeant.
1062 1450 1255 1534 Zenophilus

210 1560 296 1624 V.C.
322 1560 496 1625 oonsularis
521 1559 620 1622 dixit:
653 1560 740 1639 Quos
765 1559 845 1622 alios
873 1568 968 1643 putas
993 1561 1255 1645 interrogandos?

208 1670 428 1734 Nundinarius
446 1669 548 1732 dixit:
571 1668 704 1732 Castum
723 1668 900 1744 diaconum,
916 1677 954 1732 63
968 1668 1055 1734 dieat
1075 1669 1101 1734 si
1122 1691 1185 1733 666
1205 1678 1254 1734 663

208 1780 356 1844 traditor.
403 1780 478 1864 ipse
501 1778 589 1843 illum
612 1779 780 1844 ordinavit.
826 1779 871 1842 Et
891 1779 1022 1844 induoto
1044 1785 1079 1844 et
1103 1780 1255 1864 applieito

209 1888 463 1963 custodiamus,
479 1887 673 1973 Zenophilus
687 1889 727 1952 V.
739 1889 776 1953 0.
792 1888 966 1952 oonsularis
984 1888 1084 1953 dixit:
1107 1889 1185 1969 Quis
1199 1911 1251 1953 vo-

208 1997 313 2061 euris!
343 1997 538 2082 Respondit:
572 1997 700 2062 Castus.
744 1997 939 2082 Zenophilus
963 1999 1001 2061 V.
1019 1997 1055 2062 (1.
1082 1998 1255 2062 consularis

208 2106 306 2171 Casto
328 2106 427 2170 dixit:
452 2106 551 2192 Cujus
572 2105 763 2170 conditionis
781 2108 837 2170 661
859 2109 979 2171 Castus
998 2107 1099 2171 dixit:
1126 2108 1254 2171 Nullam

208 2215 398 2299 dignitatem
412 2214 523 2278 babeo.
553 2213 747 2299 Zenophilus
759 2215 796 2276 V.
807 2213 844 2278 0.
857 2215 1030 2279 consularis
1041 2213 1140 2282 Oasto
1154 2216 1253 2280 dixit:

209 2322 301 2389 Lieet
321 2345 406 2387 6666
427 2345 485 2408 per
507 2323 669 2387 Victorem
689 2324 942 2408 grammaticum,
964 2345 1059 2409 quam
1078 2325 1176 2389 etiam
1199 2347 1256 2410 par

209 2434 371 2497 Viotorem
401 2434 571 2497 Samsurioi
597 2440 632 2496 63
657 2433 873 2510 Saturninum,
901 2441 1054 2497 venerunt
1079 2434 1112 2496 16
1135 2435 1255 2498 666166-

209 2546 329 2610 sionem
344 2567 415 2630 quae
438 2543 654 2608 Nundinarius
668 2543 787 2629 objieit,
802 2551 912 2607 tamen
931 2543 1029 2608 etiam
1048 2550 1084 2607 tu
1105 2545 1256 2609 confitere

209 2671 317 2720 utrum
339 2654 478 2719 traditor
499 2655 543 2718 sit
565 2654 721 2718 Silvanus.
767 2656 886 2719 Castus
907 2655 1090 2737 respondit:
1118 2654 1256 2719 Dicebat

210 2766 295 2851 quod
323 2766 478 2831 invenerit
503 2766 663 2830 lucernam
689 2774 763 2850 post
785 2786 903 2828 orcam.
948 2764 1141 2850 Zenophilus
1169 2768 1204 2829 V.
1217 2768 1254 2829 C.

210 2876 383 2940 consularis
406 2875 489 2940 dixit
512 2877 629 2938 Casto:
657 2874 767 2939 Etiam
789 2875 830 2938 de
852 2874 941 2958 oupis
965 2875 1005 2937 de
1029 2876 1105 2938 fano
1129 2876 1256 2961 Serapis

209 2986 344 3050 sublatis
363 2995 397 3050 et
415 2993 509 3050 aestu
527 2984 688 3050 eonfitere.
733 2986 852 3049 Castus
872 2984 1053 3069 respondit:
1083 2986 1257 3072 Purpurius

209 3096 373 3181 episeopus
393 3095 468 3159 tulit
487 3116 595 3180 supas.
639 3092 832 3178 Zenophilus
850 3095 886 3157 V.
899 3094 938 3157 C.
959 3094 1133 3158 6666616616
1151 3096 1254 3161 dixit:

211 3208 350 3271 Acetum
365 3205 455 3291 quisi
470 3204 648 3290 Respondit
660 3204 777 3269 Castus
788 3204 873 3288 qued
886 3203 1028 3269 tulerunt
1042 3205 1116 3269 inde
1130 3216 1257 3270 aestum

211 3316 356 3380 Silvanus
370 3315 547 3400 episeopus,
561 3312 703 3377 Dontius
717 3318 751 3377 63
767 3310 918 3396 Superius
933 3312 1119 3397 presbyteri.
1155 3314 1258 3377 Zeno-

209 3426 314 3511 philus
329 3426 368 3489 V.
381 3427 419 3488 C.
435 3423 610 3488 oonsularis
632 3424 734 3488 Casto
756 3422 856 3486 dixit:
883 3420 1045 3486 Confitere
1068 3430 1147 3506 quot
1168 3422 1257 3488 161166

210 3536 299 3600 dedit
325 3536 435 3599 Viator
460 3543 499 3599 63
522 3534 690 3620 presbyter
711 3534 823 3598 bereti
849 3534 968 3596 Castus
992 3532 1088 3597 dixit:
1120 3532 1258 3611 Obtulit,

210 3646 357 3722 Domine,
372 3645 531 3721 saoellum,
547 3650 614 3708 met
636 3641 713 3726 quid
730 3640 891 3717 babuerit,
906 3641 1020 3705 neseio.
1063 3641 1258 3728 Zenophilus

211 3757 249 3820 V.
263 3760 300 3822 C.
327 3755 502 3821 oonsularis
527 3758 628 3819 Casto
651 3752 750 3817 dixit:
786 3753 847 3815 Cui
873 3754 985 3817 datum
1014 3760 1063 3817 663
1088 3756 1258 3821 6666116611

212 3870 331 3933 Castus
351 3867 450 3931 dixit:
477 3864 536 3929 11Ιὸ
556 3864 632 3929 36113
651 3884 725 3928 eum
749 3863 782 3926 in
802 3884 879 3927 oasa
900 3863 1029 3946 majore.
1064 3863 1259 3950 Zenophilus

214 3979 249 4039 V.
260 3976 295 4041 C.
311 3974 484 4039 consularis
495 3973 593 4039 Casto
608 3970 707 4036 dixit:
724 3970 849 4055 Populo
860 3992 922 4034 666
935 3981 984 4035 est
996 3971 1096 4036 divisa
1107 3974 1259 4058 pecunia?

212 4089 331 4151 Castus
356 4084 537 4167 respondit:
569 4084 643 4148 Non
669 4091 719 4147 est
747 4082 837 4159 data,
864 4104 921 4147 neo
947 4083 1021 4147 vidi.
1068 4084 1260 4169 Zenophilus

216 4197 253 4256 V.
263 4196 301 4259 0.
317 4194 491 4258 consularis
501 4194 600 4259 Casto
608 4192 707 4257 dixit:
730 4192 781 4257 Da
791 4191 917 4255 follibus
932 4214 1012 4277 quos
1028 4192 1149 4257 Lucilla
1160 4192 1258 4269 dedit,

213 4304 349 4389 populus
371 4303 540 4367 nurinutus
561 4301 639 4365 nibil
663 4302 807 4386 aoeepiti
832 4300 951 4365 Castus
973 4300 1075 4365 dixit:
1103 4300 1175 4363 Non
1195 4299 1259 4363 vidi

390 4446 408 4469 ¹·
419 4438 484 4502 (sor.
494 4440 548 4501 aad)
843 4448 857 4475 n
870 4437 936 4500 (sor.
948 4435 1084 4499 minutum)
