<?xml version="1.0" encoding="UTF-8"?>
<!DOCTYPE html PUBLIC "-//W3C//DTD XHTML 1.0 Transitional//EN"
    "http://www.w3.org/TR/xhtml1/DTD/xhtml1-transitional.dtd">
<html xmlns="http://www.w3.org/1999/xhtml" xml:lang="en" lang="en">
 <head>
  <title>
</title>
<meta http-equiv="Content-Type" content="text/html;charset=utf-8" />
  <meta name='ocr-system' content='tesseract 3.04.00' />
  <meta name='ocr-capabilities' content='ocr_page ocr_carea ocr_par ocr_line ocrx_word'/>
</head>
<body>
  <div class='ocr_page' id='page_1' title='image "./reliquiaesacrae12routgoog_0246.png"; bbox 0 0 3242 5150; ppageno 0'>
   <div class='ocr_carea' id='block_1_1' title="bbox 367 403 1378 474">
    <p class='ocr_par' dir='ltr' id='par_1_1' title="bbox 367 403 1378 474">
     <span class='ocr_line' id='line_1_1' title="bbox 367 403 1378 474; baseline 0.003 -4"><span class='ocrx_word' id='word_1_1' title='bbox 367 403 433 470; x_wconf 73' lang='lat'><strong><em>236</em></strong></span> <span class='ocrx_word' id='word_1_2' title='bbox 454 403 690 471; x_wconf 83' lang='lat' dir='ltr'>JUSTELLI</span> <span class='ocrx_word' id='word_1_3' title='bbox 715 405 780 471; x_wconf 88' lang='lat' dir='ltr'><strong><em>ET</em></strong></span> <span class='ocrx_word' id='word_1_4' title='bbox 805 405 1070 470; x_wconf 84' lang='lat' dir='ltr'><strong>BEVEREGII</strong></span> <span class='ocrx_word' id='word_1_5' title='bbox 1094 406 1378 474; x_wconf 83' lang='lat' dir='ltr'>ANNOTATT.</span> 
     </span>
    </p>
   </div>
   <div class='ocr_carea' id='block_1_2' title="bbox 285 579 1435 2299">
    <p class='ocr_par' dir='ltr' id='par_1_2' title="bbox 369 579 1426 1621">
     <span class='ocr_line' id='line_1_2' title="bbox 369 579 1425 658; baseline 0.004 -22"><span class='ocrx_word' id='word_1_6' title='bbox 369 581 534 636; x_wconf 82' lang='lat' dir='ltr'><strong><em>tricesimum</em></strong></span> <span class='ocrx_word' id='word_1_7' title='bbox 551 583 641 638; x_wconf 77' lang='lat' dir='ltr'><strong><em>atatis</em></strong></span> <span class='ocrx_word' id='word_1_8' title='bbox 659 597 772 650; x_wconf 85' lang='lat' dir='ltr'><strong><em>annum,</em></strong></span> <span class='ocrx_word' id='word_1_9' title='bbox 788 579 842 638; x_wconf 83' lang='lat' dir='ltr'><strong><em>nisi</em></strong></span> <span class='ocrx_word' id='word_1_10' title='bbox 862 583 1022 638; x_wconf 70' lang='lat' dir='ltr'><strong><em>rationabili</em></strong></span> <span class='ocrx_word' id='word_1_11' title='bbox 1040 583 1200 639; x_wconf 69' lang='lat' dir='ltr'><strong><em>necessitate</em></strong></span> <span class='ocrx_word' id='word_1_12' title='bbox 1216 590 1339 658; x_wconf 60' lang='lat' dir='ltr'><strong><em>emente.</em></strong></span> <span class='ocrx_word' id='word_1_13' title='bbox 1357 585 1425 657; x_wconf 80' lang='lat' dir='ltr'><strong><em>qaia</em></strong></span> 
     </span>
     <span class='ocr_line' id='line_1_3' title="bbox 370 676 1426 756; baseline 0.002 -22"><span class='ocrx_word' id='word_1_14' title='bbox 370 676 509 734; x_wconf 75' lang='lat' dir='ltr'><strong><em>Dominus</em></strong></span> <span class='ocrx_word' id='word_1_15' title='bbox 524 677 606 734; x_wconf 77' lang='lat' dir='ltr'><strong><em>dena</em></strong></span> <span class='ocrx_word' id='word_1_16' title='bbox 620 697 672 736; x_wconf 88' lang='lat' dir='ltr'><strong><em>non</em></strong></span> <span class='ocrx_word' id='word_1_17' title='bbox 684 677 850 756; x_wconf 69' lang='lat' dir='ltr'><strong><em>predicavit</em></strong></span> <span class='ocrx_word' id='word_1_18' title='bbox 864 687 932 736; x_wconf 79' lang='lat' dir='ltr'><strong><em>ante</em></strong></span> <span class='ocrx_word' id='word_1_19' title='bbox 945 697 1017 736; x_wconf 81' lang='lat' dir='ltr'>xxx.</span> <span class='ocrx_word' id='word_1_20' title='bbox 1032 682 1125 736; x_wconf 80' lang='lat' dir='ltr'><strong><em>atatis</em></strong></span> <span class='ocrx_word' id='word_1_21' title='bbox 1142 697 1255 735; x_wconf 83' lang='grc' dir='ltr'>ιννιιιοι.</span> <span class='ocrx_word' id='word_1_22' title='bbox 1298 678 1426 756; x_wconf 78' lang='lat' dir='ltr'><strong><em>Egbert.</em></strong></span> 
     </span>
     <span class='ocr_line' id='line_1_4' title="bbox 369 772 1424 853; baseline 0.002 -23"><span class='ocrx_word' id='word_1_23' title='bbox 369 772 493 831; x_wconf 88' lang='lat' dir='ltr'><strong><em>Eborac.</em></strong></span> <span class='ocrx_word' id='word_1_24' title='bbox 509 773 633 853; x_wconf 83' lang='lat' dir='ltr'><strong><em>Excerp.</em></strong></span> <span class='ocrx_word' id='word_1_25' title='bbox 649 794 712 832; x_wconf 88' lang='lat' dir='ltr'><strong><em>can.</em></strong></span> <span class='ocrx_word' id='word_1_26' title='bbox 722 794 742 851; x_wconf 87' lang='lat'>9</span> <span class='ocrx_word' id='word_1_27' title='bbox 746 791 773 850; x_wconf 81' lang='lat'><strong><em>5.</em></strong></span> <span class='ocrx_word' id='word_1_28' title='bbox 805 774 847 832; x_wconf 77' lang='lat' dir='ltr'><strong><em>Iit</em></strong></span> <span class='ocrx_word' id='word_1_29' title='bbox 860 774 954 834; x_wconf 88' lang='lat' dir='ltr'><strong><em>mults</em></strong></span> <span class='ocrx_word' id='word_1_30' title='bbox 965 793 1033 833; x_wconf 90' lang='lat' dir='ltr'><strong><em>sane</em></strong></span> <span class='ocrx_word' id='word_1_31' title='bbox 1044 785 1147 834; x_wconf 66' lang='lat' dir='ltr'><strong><em>exunt</em></strong></span> <span class='ocrx_word' id='word_1_32' title='bbox 1160 794 1261 833; x_wconf 88' lang='lat' dir='ltr'><strong><em>sorum</em></strong></span> <span class='ocrx_word' id='word_1_33' title='bbox 1276 774 1424 852; x_wconf 84' lang='lat' dir='ltr'><strong><em>exempla,</em></strong></span> 
     </span>
     <span class='ocr_line' id='line_1_5' title="bbox 370 868 1424 950; baseline 0.003 -25"><span class='ocrx_word' id='word_1_34' title='bbox 370 868 421 947; x_wconf 91' lang='lat' dir='ltr'><strong><em>qai</em></strong></span> <span class='ocrx_word' id='word_1_35' title='bbox 443 879 510 927; x_wconf 89' lang='lat' dir='ltr'><strong><em>ante</em></strong></span> <span class='ocrx_word' id='word_1_36' title='bbox 532 869 616 928; x_wconf 84' lang='lat' dir='ltr'><strong><em>istam</em></strong></span> <span class='ocrx_word' id='word_1_37' title='bbox 639 879 752 930; x_wconf 74' lang='lat' dir='ltr'><strong><em>aetatem</em></strong></span> <span class='ocrx_word' id='word_1_38' title='bbox 776 889 835 928; x_wconf 91' lang='lat' dir='ltr'><strong><em>non</em></strong></span> <span class='ocrx_word' id='word_1_39' title='bbox 859 870 1021 950; x_wconf 85' lang='lat' dir='ltr'><strong><em>presbyteri</em></strong></span> <span class='ocrx_word' id='word_1_40' title='bbox 1046 869 1144 939; x_wconf 90' lang='lat' dir='ltr'><strong><em>modo,</em></strong></span> <span class='ocrx_word' id='word_1_41' title='bbox 1165 871 1218 930; x_wconf 90' lang='lat' dir='ltr'><strong><em>sed</em></strong></span> <span class='ocrx_word' id='word_1_42' title='bbox 1238 881 1270 930; x_wconf 90' lang='lat' dir='ltr'><strong><em>et</em></strong></span> <span class='ocrx_word' id='word_1_43' title='bbox 1293 871 1424 950; x_wconf 83' lang='lat' dir='ltr'><strong><em>episcopi</em></strong></span> 
     </span>
     <span class='ocr_line' id='line_1_6' title="bbox 370 962 1425 1046; baseline 0.001 -21"><span class='ocrx_word' id='word_1_44' title='bbox 370 967 495 1027; x_wconf 84' lang='lat' dir='ltr'><strong><em>ordinati</em></strong></span> <span class='ocrx_word' id='word_1_45' title='bbox 509 967 641 1026; x_wconf 80' lang='lat' dir='ltr'><strong><em>fuerant.</em></strong></span> <span class='ocrx_word' id='word_1_46' title='bbox 677 962 756 1025; x_wconf 86' lang='lat' dir='ltr'><strong><em>Nam</em></strong></span> <span class='ocrx_word' id='word_1_47' title='bbox 773 965 964 1026; x_wconf 85' lang='lat' dir='ltr'><strong><em>Eleutherias</em></strong></span> <span class='ocrx_word' id='word_1_48' title='bbox 978 966 1090 1046; x_wconf 83' lang='lat' dir='ltr'><strong><em>Illyrici</em></strong></span> <span class='ocrx_word' id='word_1_49' title='bbox 1103 967 1258 1046; x_wconf 84' lang='lat' dir='ltr'><strong><em>episcopus</em></strong></span> <span class='ocrx_word' id='word_1_50' title='bbox 1271 968 1425 1026; x_wconf 87' lang='lat' dir='ltr'><strong><em>ordinatus</em></strong></span> 
     </span>
     <span class='ocr_line' id='line_1_7' title="bbox 371 1064 1424 1142; baseline -0.002 -17"><span class='ocrx_word' id='word_1_51' title='bbox 371 1075 427 1132; x_wconf 88' lang='lat' dir='ltr'><strong><em>est,</em></strong></span> <span class='ocrx_word' id='word_1_52' title='bbox 442 1086 507 1124; x_wconf 86' lang='lat' dir='ltr'><strong><em>curn</em></strong></span> <span class='ocrx_word' id='word_1_53' title='bbox 529 1065 658 1124; x_wconf 87' lang='lat' dir='ltr'><strong><em>nondam</em></strong></span> <span class='ocrx_word' id='word_1_54' title='bbox 674 1065 843 1124; x_wconf 83' lang='lat' dir='ltr'><strong><em>vicesimam</em></strong></span> <span class='ocrx_word' id='word_1_55' title='bbox 863 1064 957 1123; x_wconf 80' lang='lat' dir='ltr'><strong><em>aetatis</em></strong></span> <span class='ocrx_word' id='word_1_56' title='bbox 971 1083 1079 1121; x_wconf 90' lang='lat' dir='ltr'><strong><em>annum</em></strong></span> <span class='ocrx_word' id='word_1_57' title='bbox 1094 1074 1274 1142; x_wconf 69' lang='lat' dir='ltr'><strong><em>transegerat</em></strong></span> <span class='ocrx_word' id='word_1_58' title='bbox 1285 1088 1294 1135; x_wconf 82' lang='lat'>3</span> <span class='ocrx_word' id='word_1_59' title='bbox 1314 1075 1349 1123; x_wconf 88' lang='lat' dir='ltr'><strong><em>at</em></strong></span> <span class='ocrx_word' id='word_1_60' title='bbox 1361 1075 1424 1123; x_wconf 82' lang='lat' dir='ltr'><strong><em>tes·</em></strong></span> 
     </span>
     <span class='ocr_line' id='line_1_8' title="bbox 371 1159 1425 1242; baseline -0.002 -20"><span class='ocrx_word' id='word_1_61' title='bbox 371 1173 452 1222; x_wconf 83' lang='lat' dir='ltr'><strong><em>tatur</em></strong></span> <span class='ocrx_word' id='word_1_62' title='bbox 466 1163 652 1242; x_wconf 87' lang='lat' dir='ltr'><strong><em>Nicephorus</em></strong></span> <span class='ocrx_word' id='word_1_63' title='bbox 666 1160 806 1220; x_wconf 74' lang='lat' dir='ltr'><strong><em>Callistus</em></strong></span> <span class='ocrx_word' id='word_1_64' title='bbox 817 1161 899 1219; x_wconf 87' lang='lat' dir='ltr'><strong><em>Hist.</em></strong></span> <span class='ocrx_word' id='word_1_65' title='bbox 909 1159 991 1219; x_wconf 83' lang='lat' dir='ltr'><strong><em>Eccl.</em></strong></span> <span class='ocrx_word' id='word_1_66' title='bbox 1000 1159 1104 1219; x_wconf 90' lang='lat' dir='ltr'><strong><em>lib.iii.</em></strong></span> <span class='ocrx_word' id='word_1_67' title='bbox 1120 1179 1243 1239; x_wconf 75' lang='lat' dir='ltr'><strong><em>capno.</em></strong></span> <span class='ocrx_word' id='word_1_68' title='bbox 1273 1161 1316 1220; x_wconf 83' lang='lat' dir='ltr'><strong><em>Et</em></strong></span> <span class='ocrx_word' id='word_1_69' title='bbox 1331 1161 1425 1220; x_wconf 85' lang='lat' dir='ltr'><strong><em>Hinc·</em></strong></span> 
     </span>
     <span class='ocr_line' id='line_1_9' title="bbox 372 1256 1426 1334; baseline 0 -18"><span class='ocrx_word' id='word_1_70' title='bbox 372 1279 469 1318; x_wconf 86' lang='lat' dir='ltr'><strong><em>rnarus</em></strong></span> <span class='ocrx_word' id='word_1_71' title='bbox 499 1258 672 1318; x_wconf 88' lang='lat' dir='ltr'><strong><em>Rhemensis</em></strong></span> <span class='ocrx_word' id='word_1_72' title='bbox 694 1259 724 1315; x_wconf 92' lang='lat' dir='ltr'><strong><em>ia</em></strong></span> <span class='ocrx_word' id='word_1_73' title='bbox 750 1257 813 1317; x_wconf 79' lang='lat' dir='ltr'><strong><em>vita</em></strong></span> <span class='ocrx_word' id='word_1_74' title='bbox 835 1256 866 1315; x_wconf 88' lang='lat' dir='ltr'><strong><em>S.</em></strong></span> <span class='ocrx_word' id='word_1_75' title='bbox 881 1256 1018 1334; x_wconf 79' lang='lat' dir='ltr'><strong><em>Remigii,</em></strong></span> <span class='ocrx_word' id='word_1_76' title='bbox 1043 1276 1111 1315; x_wconf 87' lang='lat' dir='ltr'><strong><em>eam</em></strong></span> <span class='ocrx_word' id='word_1_77' title='bbox 1135 1257 1272 1316; x_wconf 82' lang='lat' dir='ltr'><strong><em>vicesimo</em></strong></span> <span class='ocrx_word' id='word_1_78' title='bbox 1295 1256 1426 1316; x_wconf 66' lang='lat' dir='ltr'><strong><em>mundo</em></strong></span> 
     </span>
     <span class='ocr_line' id='line_1_10' title="bbox 372 1350 1425 1433; baseline -0.002 -21"><span class='ocrx_word' id='word_1_79' title='bbox 372 1355 466 1414; x_wconf 76' lang='lat' dir='ltr'><strong><em>aetatis</em></strong></span> <span class='ocrx_word' id='word_1_80' title='bbox 486 1374 563 1413; x_wconf 87' lang='lat' dir='ltr'><strong><em>anno</em></strong></span> <span class='ocrx_word' id='word_1_81' title='bbox 591 1353 838 1433; x_wconf 85' lang='lat' dir='ltr'><strong><em>archiepiscopum</em></strong></span> <span class='ocrx_word' id='word_1_82' title='bbox 863 1351 989 1411; x_wconf 85' lang='lat' dir='ltr'><strong><em>electum</em></strong></span> <span class='ocrx_word' id='word_1_83' title='bbox 1014 1353 1126 1411; x_wconf 87' lang='lat' dir='ltr'><strong><em>asserit.</em></strong></span> <span class='ocrx_word' id='word_1_84' title='bbox 1169 1350 1339 1423; x_wconf 81' lang='lat' dir='ltr'><strong><em>Quinetiam</em></strong></span> <span class='ocrx_word' id='word_1_85' title='bbox 1364 1373 1425 1410; x_wconf 89' lang='lat' dir='ltr'><strong><em>aon</em></strong></span> 
     </span>
     <span class='ocr_line' id='line_1_11' title="bbox 373 1448 1426 1530; baseline 0.002 -20"><span class='ocrx_word' id='word_1_86' title='bbox 373 1452 506 1510; x_wconf 86' lang='lat' dir='ltr'><strong><em>obstante</em></strong></span> <span class='ocrx_word' id='word_1_87' title='bbox 527 1452 589 1530; x_wconf 84' lang='lat' dir='ltr'><strong><em>ipse</em></strong></span> <span class='ocrx_word' id='word_1_88' title='bbox 610 1451 674 1528; x_wconf 86' lang='lat' dir='ltr'><strong><em>lege</em></strong></span> <span class='ocrx_word' id='word_1_89' title='bbox 695 1450 836 1517; x_wconf 81' lang='lat' dir='ltr'><strong><em>Mosaios,</em></strong></span> <span class='ocrx_word' id='word_1_90' title='bbox 851 1448 964 1507; x_wconf 76' lang='lat' dir='ltr'><strong><em>Levitae</em></strong></span> <span class='ocrx_word' id='word_1_91' title='bbox 984 1469 1001 1507; x_wconf 86' lang='lat' dir='ltr'><strong><em>n</em></strong></span> <span class='ocrx_word' id='word_1_92' title='bbox 1024 1448 1139 1508; x_wconf 84' lang='lat' dir='ltr'><strong><em>Davide</em></strong></span> <span class='ocrx_word' id='word_1_93' title='bbox 1160 1449 1295 1508; x_wconf 83' lang='lat' dir='ltr'><strong><em>recensiti</em></strong></span> <span class='ocrx_word' id='word_1_94' title='bbox 1316 1460 1426 1512; x_wconf 73' lang='lat' dir='ltr'><strong><em>sunta</em></strong></span> 
     </span>
     <span class='ocr_line' id='line_1_12' title="bbox 373 1543 1424 1621; baseline -0.002 -16"><span class='ocrx_word' id='word_1_95' title='bbox 373 1547 509 1606; x_wconf 89' lang='lat' dir='ltr'><strong><em>vicesimo</em></strong></span> <span class='ocrx_word' id='word_1_96' title='bbox 524 1546 618 1604; x_wconf 76' lang='lat' dir='ltr'><strong><em>aetatis</em></strong></span> <span class='ocrx_word' id='word_1_97' title='bbox 633 1565 709 1604; x_wconf 92' lang='lat' dir='ltr'><strong><em>anno</em></strong></span> <span class='ocrx_word' id='word_1_98' title='bbox 727 1563 738 1602; x_wconf 89' lang='lat' dir='ltr'><strong><em>r</em></strong></span> <span class='ocrx_word' id='word_1_99' title='bbox 759 1543 854 1602; x_wconf 88' lang='lat' dir='ltr'><strong><em>Parnl.</em></strong></span> <span class='ocrx_word' id='word_1_100' title='bbox 862 1543 948 1601; x_wconf 84' lang='lat' dir='ltr'><strong><em>xxiii.</em></strong></span> <span class='ocrx_word' id='word_1_101' title='bbox 961 1561 1008 1618; x_wconf 81' lang='lat'><strong><em>27.</em></strong></span> <span class='ocrx_word' id='word_1_102' title='bbox 1023 1555 1111 1621; x_wconf 85' lang='lat' dir='ltr'><strong><em>atque</em></strong></span> <span class='ocrx_word' id='word_1_103' title='bbox 1125 1545 1211 1603; x_wconf 87' lang='lat' dir='ltr'><strong><em>etiam</em></strong></span> <span class='ocrx_word' id='word_1_104' title='bbox 1226 1546 1263 1604; x_wconf 87' lang='lat' dir='ltr'><strong><em>ab</em></strong></span> <span class='ocrx_word' id='word_1_105' title='bbox 1277 1545 1424 1612; x_wconf 82' lang='lat' dir='ltr'><strong><em>Heaelria,</em></strong></span> 
     </span>
    </p>

    <p class='ocr_par' dir='ltr' id='par_1_3' title="bbox 285 1641 1435 2299">
     <span class='ocr_line' id='line_1_13' title="bbox 376 1641 1435 1722; baseline -0.001 -20"><span class='ocrx_word' id='word_1_106' title='bbox 376 1663 392 1702; x_wconf 84' lang='lat' dir='ltr'><strong><em>a</em></strong></span> <span class='ocrx_word' id='word_1_107' title='bbox 409 1642 536 1721; x_wconf 84' lang='lat' dir='ltr'><strong><em>Paralip.</em></strong></span> <span class='ocrx_word' id='word_1_108' title='bbox 547 1645 629 1700; x_wconf 83' lang='lat' dir='ltr'><strong><em>xxxi.</em></strong></span> <span class='ocrx_word' id='word_1_109' title='bbox 646 1661 689 1718; x_wconf 86' lang='lat'><strong><em>¹7·</em></strong></span> <span class='ocrx_word' id='word_1_110' title='bbox 726 1642 776 1700; x_wconf 89' lang='lat' dir='ltr'><strong><em>Sic</em></strong></span> <span class='ocrx_word' id='word_1_111' title='bbox 789 1642 877 1701; x_wconf 86' lang='lat' dir='ltr'><strong><em>etism</em></strong></span> <span class='ocrx_word' id='word_1_112' title='bbox 894 1641 1069 1700; x_wconf 79' lang='lat' dir='ltr'><strong><em>Timotheus</em></strong></span> <span class='ocrx_word' id='word_1_113' title='bbox 1082 1642 1235 1722; x_wconf 86' lang='lat' dir='ltr'><strong><em>episcopas</em></strong></span> <span class='ocrx_word' id='word_1_114' title='bbox 1248 1664 1267 1701; x_wconf 89' lang='lat' dir='ltr'><strong><em>a</em></strong></span> <span class='ocrx_word' id='word_1_115' title='bbox 1277 1643 1317 1702; x_wconf 89' lang='lat' dir='ltr'><strong><em>D.</em></strong></span> <span class='ocrx_word' id='word_1_116' title='bbox 1329 1642 1435 1714; x_wconf 56' lang='lat' dir='ltr'><strong><em>Paulo,</em></strong></span> 
     </span>
     <span class='ocr_line' id='line_1_14' title="bbox 285 1723 1425 1815; baseline -0.001 -16"><span class='ocrx_word' id='word_1_117' title='bbox 285 1723 287 1726; x_wconf 22' lang='grc' dir='ltr'>Ι</span> <span class='ocrx_word' id='word_1_118' title='bbox 372 1752 486 1799; x_wconf 88' lang='lat' dir='ltr'><strong><em>creatas</em></strong></span> <span class='ocrx_word' id='word_1_119' title='bbox 500 1740 569 1805; x_wconf 80' lang='lat' dir='ltr'><strong><em>fuit,</em></strong></span> <span class='ocrx_word' id='word_1_120' title='bbox 584 1758 649 1797; x_wconf 87' lang='lat' dir='ltr'><strong><em>eam</em></strong></span> <span class='ocrx_word' id='word_1_121' title='bbox 665 1739 759 1797; x_wconf 86' lang='lat' dir='ltr'><strong><em>adhuc</em></strong></span> <span class='ocrx_word' id='word_1_122' title='bbox 771 1738 890 1815; x_wconf 81' lang='lat' dir='ltr'><strong><em>juvenis</em></strong></span> <span class='ocrx_word' id='word_1_123' title='bbox 903 1749 988 1797; x_wconf 85' lang='lat' dir='ltr'><strong><em>esset.</em></strong></span> <span class='ocrx_word' id='word_1_124' title='bbox 1009 1756 1020 1795; x_wconf 92' lang='grc' dir='ltr'><strong><em>ι</em></strong></span> <span class='ocrx_word' id='word_1_125' title='bbox 1039 1739 1117 1797; x_wconf 83' lang='lat' dir='ltr'><strong><em>Tim.</em></strong></span> <span class='ocrx_word' id='word_1_126' title='bbox 1129 1738 1168 1796; x_wconf 79' lang='lat' dir='ltr'><strong><em>iv.</em></strong></span> <span class='ocrx_word' id='word_1_127' title='bbox 1184 1758 1231 1799; x_wconf 84' lang='grc' dir='ltr'>ιο.</span> <span class='ocrx_word' id='word_1_128' title='bbox 1273 1740 1425 1798; x_wconf 84' lang='lat' dir='ltr'><strong><em>Nimirum</em></strong></span> 
     </span>
     <span class='ocr_line' id='line_1_15' title="bbox 373 1835 1426 1915; baseline 0 -21"><span class='ocrx_word' id='word_1_129' title='bbox 373 1837 404 1896; x_wconf 90' lang='lat' dir='ltr'><strong><em>ia</em></strong></span> <span class='ocrx_word' id='word_1_130' title='bbox 425 1837 503 1895; x_wconf 87' lang='lat' dir='ltr'><strong><em>hisce</em></strong></span> <span class='ocrx_word' id='word_1_131' title='bbox 517 1837 603 1894; x_wconf 85' lang='lat' dir='ltr'><strong><em>rebus</em></strong></span> <span class='ocrx_word' id='word_1_132' title='bbox 621 1856 679 1894; x_wconf 89' lang='lat' dir='ltr'><strong><em>aon</em></strong></span> <span class='ocrx_word' id='word_1_133' title='bbox 699 1847 758 1894; x_wconf 89' lang='lat' dir='ltr'><strong><em>tam</em></strong></span> <span class='ocrx_word' id='word_1_134' title='bbox 777 1836 872 1894; x_wconf 73' lang='lat' dir='ltr'><strong><em>atatis</em></strong></span> <span class='ocrx_word' id='word_1_135' title='bbox 892 1855 978 1914; x_wconf 88' lang='lat' dir='ltr'><strong><em>qaam</em></strong></span> <span class='ocrx_word' id='word_1_136' title='bbox 1000 1836 1120 1915; x_wconf 85' lang='lat' dir='ltr'><strong><em>pietatis</em></strong></span> <span class='ocrx_word' id='word_1_137' title='bbox 1139 1850 1170 1895; x_wconf 89' lang='lat' dir='ltr'><strong><em>et</em></strong></span> <span class='ocrx_word' id='word_1_138' title='bbox 1190 1835 1331 1895; x_wconf 78' lang='lat' dir='ltr'><strong><em>doetrinae</em></strong></span> <span class='ocrx_word' id='word_1_139' title='bbox 1349 1836 1426 1895; x_wconf 91' lang='lat' dir='ltr'><strong><em>ratio</em></strong></span> 
     </span>
     <span class='ocr_line' id='line_1_16' title="bbox 374 1931 1428 2013; baseline 0.003 -23"><span class='ocrx_word' id='word_1_140' title='bbox 374 1931 505 1990; x_wconf 84' lang='lat' dir='ltr'><strong><em>habenda</em></strong></span> <span class='ocrx_word' id='word_1_141' title='bbox 519 1943 573 1990; x_wconf 85' lang='lat' dir='ltr'><strong><em>est.</em></strong></span> <span class='ocrx_word' id='word_1_142' title='bbox 616 1933 659 1990; x_wconf 90' lang='lat' dir='ltr'><strong><em>Ut</em></strong></span> <span class='ocrx_word' id='word_1_143' title='bbox 680 1931 791 2011; x_wconf 89' lang='lat' dir='ltr'><strong><em>optime</em></strong></span> <span class='ocrx_word' id='word_1_144' title='bbox 813 1933 890 1991; x_wconf 90' lang='lat' dir='ltr'><strong><em>enim</em></strong></span> <span class='ocrx_word' id='word_1_145' title='bbox 912 1934 1046 1992; x_wconf 79' lang='lat' dir='ltr'><strong><em>observat</em></strong></span> <span class='ocrx_word' id='word_1_146' title='bbox 1070 1933 1110 1992; x_wconf 91' lang='lat' dir='ltr'><strong><em>D.</em></strong></span> <span class='ocrx_word' id='word_1_147' title='bbox 1121 1934 1356 2013; x_wconf 84' lang='lat' dir='ltr'><strong><em>Chrysostomus‚</em></strong></span> <span class='ocrx_word' id='word_1_148' title='bbox 1377 1936 1428 1993; x_wconf 76' lang='grc' dir='ltr'>ἔοι</span> 
     </span>
     <span class='ocr_line' id='line_1_17' title="bbox 373 2029 1427 2105; baseline 0.003 -21"><span class='ocrx_word' id='word_1_149' title='bbox 373 2031 424 2102; x_wconf 75' lang='grc' dir='ltr'><strong><em>γὰρ</em></strong></span> <span class='ocrx_word' id='word_1_150' title='bbox 437 2031 590 2102; x_wconf 72' lang='grc' dir='ltr'>ἀντίρροπον</span> <span class='ocrx_word' id='word_1_151' title='bbox 604 2031 747 2099; x_wconf 72' lang='grc' dir='ltr'>ἐπιδεικνύῃ</span> <span class='ocrx_word' id='word_1_152' title='bbox 761 2029 831 2096; x_wconf 75' lang='grc' dir='ltr'>βίον,</span> <span class='ocrx_word' id='word_1_153' title='bbox 847 2032 932 2086; x_wconf 72' lang='lat' dir='ltr'><strong><em>crisias</em></strong></span> <span class='ocrx_word' id='word_1_154' title='bbox 945 2033 989 2086; x_wconf 81' lang='lat' dir='ltr'><strong><em>dul</em></strong></span> <span class='ocrx_word' id='word_1_155' title='bbox 1002 2033 1049 2102; x_wconf 80' lang='grc' dir='ltr'><strong><em>τὴν</em></strong></span> <span class='ocrx_word' id='word_1_156' title='bbox 1062 2031 1162 2101; x_wconf 76' lang='grc' dir='ltr'>ἡλικίαν</span> <span class='ocrx_word' id='word_1_157' title='bbox 1171 2052 1211 2089; x_wconf 71' lang='grc' dir='ltr'>τις</span> <span class='ocrx_word' id='word_1_158' title='bbox 1224 2032 1427 2105; x_wconf 75' lang='grc' dir='ltr'>κοποφρονῆσιι,</span> 
     </span>
     <span class='ocr_line' id='line_1_18' title="bbox 374 2126 1426 2208; baseline 0.007 -28"><span class='ocrx_word' id='word_1_159' title='bbox 374 2127 443 2181; x_wconf 73' lang='grc' dir='ltr'><strong><em>ἀλλὰ</em></strong></span> <span class='ocrx_word' id='word_1_160' title='bbox 461 2129 502 2182; x_wconf 76' lang='lat' dir='ltr'><strong><em>sal</em></strong></span> <span class='ocrx_word' id='word_1_161' title='bbox 518 2127 644 2197; x_wconf 77' lang='grc' dir='ltr'><strong><em>θαυμάσει</em></strong></span> <span class='ocrx_word' id='word_1_162' title='bbox 660 2129 773 2196; x_wconf 80' lang='grc' dir='ltr'>μᾶλλον.</span> <span class='ocrx_word' id='word_1_163' title='bbox 796 2126 900 2205; x_wconf 83' lang='lat' dir='ltr'><strong><em>Chrys.</em></strong></span> <span class='ocrx_word' id='word_1_164' title='bbox 915 2126 947 2184; x_wconf 87' lang='lat' dir='ltr'><strong><em>in</em></strong></span> <span class='ocrx_word' id='word_1_165' title='bbox 962 2147 1010 2205; x_wconf 70' lang='lat' dir='ltr'><strong><em>ep,</em></strong></span> <span class='ocrx_word' id='word_1_166' title='bbox 1027 2146 1054 2185; x_wconf 90' lang='lat'><strong><em>1.</em></strong></span> <span class='ocrx_word' id='word_1_167' title='bbox 1072 2128 1109 2185; x_wconf 82' lang='lat' dir='ltr'><strong><em>ud</em></strong></span> <span class='ocrx_word' id='word_1_168' title='bbox 1126 2128 1204 2187; x_wconf 81' lang='lat' dir='ltr'><strong><em>Tim.</em></strong></span> <span class='ocrx_word' id='word_1_169' title='bbox 1221 2134 1282 2204; x_wconf 74' lang='grc' dir='ltr'>λογ.</span> <span class='ocrx_word' id='word_1_170' title='bbox 1297 2130 1344 2204; x_wconf 78' lang='grc' dir='ltr'>ιγ’.</span> <span class='ocrx_word' id='word_1_171' title='bbox 1357 2148 1426 2208; x_wconf 76' lang='lat' dir='ltr'><strong><em>pag.</em></strong></span> 
     </span>
     <span class='ocr_line' id='line_1_19' title="bbox 378 2220 810 2299; baseline 0 -21"><span class='ocrx_word' id='word_1_172' title='bbox 378 2240 444 2299; x_wconf 78' lang='lat'>299.</span> <span class='ocrx_word' id='word_1_173' title='bbox 460 2221 530 2280; x_wconf 83' lang='lat' dir='ltr'><strong><em>edit.</em></strong></span> <span class='ocrx_word' id='word_1_174' title='bbox 548 2220 637 2280; x_wconf 87' lang='lat' dir='ltr'><strong><em>Savil.</em></strong></span> <span class='ocrx_word' id='word_1_175' title='bbox 655 2221 810 2280; x_wconf 83' lang='lat' dir='ltr'><strong><em>annnna.</em></strong></span> 
     </span>
    </p>
   </div>
   <div class='ocr_carea' id='block_1_3' title="bbox 776 2388 1026 2451">
    <p class='ocr_par' dir='ltr' id='par_1_4' title="bbox 776 2388 1026 2451">
     <span class='ocr_line' id='line_1_20' title="bbox 776 2388 1026 2451; baseline 0 -3"><span class='ocrx_word' id='word_1_176' title='bbox 776 2388 928 2449; x_wconf 85' lang='lat' dir='ltr'>CANON</span> <span class='ocrx_word' id='word_1_177' title='bbox 951 2391 1026 2451; x_wconf 87' lang='lat' dir='ltr'><strong>XII.</strong></span> 
     </span>
    </p>
   </div>
   <div class='ocr_carea' id='block_1_4' title="bbox 375 2500 1429 3938">
    <p class='ocr_par' dir='ltr' id='par_1_5' title="bbox 375 2500 1429 3938">
     <span class='ocr_line' id='line_1_21' title="bbox 419 2500 1427 2578; baseline 0 -18"><span class='ocrx_word' id='word_1_178' title='bbox 419 2502 453 2560; x_wconf 90' lang='lat' dir='ltr'><strong><em>P.</em></strong></span> <span class='ocrx_word' id='word_1_179' title='bbox 470 2500 570 2576; x_wconf 64' lang='lat'>1841.</span> <span class='ocrx_word' id='word_1_180' title='bbox 587 2502 631 2560; x_wconf 86' lang='grc'><strong><em>16.</em></strong></span> <span class='ocrx_word' id='word_1_181' title='bbox 651 2503 714 2559; x_wconf 80' lang='grc' dir='ltr'><strong><em>Ἐὰν</em></strong></span> <span class='ocrx_word' id='word_1_182' title='bbox 727 2509 815 2558; x_wconf 79' lang='grc' dir='ltr'>νοσῶν</span> <span class='ocrx_word' id='word_1_183' title='bbox 834 2526 874 2561; x_wconf 74' lang='grc' dir='ltr'><strong><em>τις</em></strong></span> <span class='ocrx_word' id='word_1_184' title='bbox 893 2505 1029 2578; x_wconf 62' lang='lat' dir='ltr'><strong><em>dormiri]</em></strong></span> <span class='ocrx_word' id='word_1_185' title='bbox 1054 2502 1209 2561; x_wconf 81' lang='lat' dir='ltr'><strong><em>Cornelius</em></strong></span> <span class='ocrx_word' id='word_1_186' title='bbox 1227 2502 1308 2562; x_wconf 84' lang='lat' dir='ltr'><strong><em>urbis</em></strong></span> <span class='ocrx_word' id='word_1_187' title='bbox 1324 2501 1427 2560; x_wconf 64' lang='lat' dir='ltr'><strong><em>Romu</em></strong></span> 
     </span>
     <span class='ocr_line' id='line_1_22' title="bbox 376 2599 1428 2681; baseline -0.006 -22"><span class='ocrx_word' id='word_1_188' title='bbox 376 2602 573 2681; x_wconf 70' lang='lat' dir='ltr'><strong><em>episcopusin</em></strong></span> <span class='ocrx_word' id='word_1_189' title='bbox 588 2602 724 2681; x_wconf 86' lang='lat' dir='ltr'><strong><em>Epistola</em></strong></span> <span class='ocrx_word' id='word_1_190' title='bbox 737 2600 774 2660; x_wconf 86' lang='lat' dir='ltr'><strong><em>sd</em></strong></span> <span class='ocrx_word' id='word_1_191' title='bbox 790 2600 915 2660; x_wconf 79' lang='lat' dir='ltr'><strong><em>Fabium</em></strong></span> <span class='ocrx_word' id='word_1_192' title='bbox 925 2599 1154 2666; x_wconf 83' lang='lat' dir='ltr'><strong><em>Antiochenam,</em></strong></span> <span class='ocrx_word' id='word_1_193' title='bbox 1166 2621 1231 2679; x_wconf 83' lang='lat' dir='ltr'><strong><em>qaoe</em></strong></span> <span class='ocrx_word' id='word_1_194' title='bbox 1241 2600 1319 2680; x_wconf 86' lang='lat' dir='ltr'><strong><em>apud</em></strong></span> <span class='ocrx_word' id='word_1_195' title='bbox 1330 2601 1428 2659; x_wconf 85' lang='lat' dir='ltr'><strong><em>Euae.</em></strong></span> 
     </span>
     <span class='ocr_line' id='line_1_23' title="bbox 377 2698 1427 2779; baseline -0.008 -21"><span class='ocrx_word' id='word_1_196' title='bbox 377 2699 458 2758; x_wconf 88' lang='lat' dir='ltr'><strong><em>bium</em></strong></span> <span class='ocrx_word' id='word_1_197' title='bbox 477 2710 559 2759; x_wconf 86' lang='lat' dir='ltr'><strong><em>extat</em></strong></span> <span class='ocrx_word' id='word_1_198' title='bbox 579 2698 631 2757; x_wconf 90' lang='lat' dir='ltr'><strong><em>lib.</em></strong></span> <span class='ocrx_word' id='word_1_199' title='bbox 643 2701 681 2758; x_wconf 86' lang='lat' dir='ltr'><strong><em>ri.</em></strong></span> <span class='ocrx_word' id='word_1_200' title='bbox 696 2719 759 2779; x_wconf 84' lang='lat' dir='ltr'><strong><em>cap.</em></strong></span> <span class='ocrx_word' id='word_1_201' title='bbox 769 2718 819 2774; x_wconf 85' lang='lat'><strong><em>43.</em></strong></span> <span class='ocrx_word' id='word_1_202' title='bbox 840 2698 877 2757; x_wconf 89' lang='lat' dir='ltr'><strong><em>de</em></strong></span> <span class='ocrx_word' id='word_1_203' title='bbox 898 2699 1018 2757; x_wconf 83' lang='lat' dir='ltr'><strong><em>Novato</em></strong></span> <span class='ocrx_word' id='word_1_204' title='bbox 1038 2698 1177 2775; x_wconf 83' lang='lat' dir='ltr'><strong><em>loquens:</em></strong></span> <span class='ocrx_word' id='word_1_205' title='bbox 1198 2700 1347 2754; x_wconf 73' lang='grc' dir='ltr'>καταλιπὸν</span> <span class='ocrx_word' id='word_1_206' title='bbox 1365 2700 1427 2769; x_wconf 53' lang='lat' dir='ltr'><strong><em>pap,</em></strong></span> 
     </span>
     <span class='ocr_line' id='line_1_24' title="bbox 375 2791 1425 2873; baseline -0.005 -20"><span class='ocrx_word' id='word_1_207' title='bbox 375 2796 482 2873; x_wconf 87' lang='lat' dir='ltr'><strong><em>inquit,</em></strong></span> <span class='ocrx_word' id='word_1_208' title='bbox 497 2799 544 2867; x_wconf 83' lang='grc' dir='ltr'><strong><em>τὴν</em></strong></span> <span class='ocrx_word' id='word_1_209' title='bbox 557 2798 696 2867; x_wconf 68' lang='grc' dir='ltr'>ἐκκλησίαν</span> <span class='ocrx_word' id='word_1_210' title='bbox 708 2801 755 2853; x_wconf 80' lang='grc' dir='ltr'><strong><em>τοῦ</em></strong></span> <span class='ocrx_word' id='word_1_211' title='bbox 770 2801 839 2853; x_wconf 76' lang='grc' dir='ltr'><strong><em>θεοῦ</em></strong></span> <span class='ocrx_word' id='word_1_212' title='bbox 852 2799 881 2853; x_wconf 66' lang='grc' dir='ltr'><strong><em>ἐν</em></strong></span> <span class='ocrx_word' id='word_1_213' title='bbox 895 2791 1071 2866; x_wconf 59' lang='lat' dir='ltr'><strong><em>§smitam</em></strong></span> <span class='ocrx_word' id='word_1_214' title='bbox 1083 2797 1226 2867; x_wconf 63' lang='grc' dir='ltr'>ιιιιτηξιόθη</span> <span class='ocrx_word' id='word_1_215' title='bbox 1239 2800 1287 2850; x_wconf 78' lang='grc' dir='ltr'><strong><em>τοῦ</em></strong></span> <span class='ocrx_word' id='word_1_216' title='bbox 1304 2798 1425 2867; x_wconf 64' lang='lat' dir='ltr'><strong><em>speudo-</em></strong></span> 
     </span>
     <span class='ocr_line' id='line_1_25' title="bbox 376 2893 1429 2967; baseline 0 -21"><span class='ocrx_word' id='word_1_217' title='bbox 376 2894 463 2965; x_wconf 81' lang='lat' dir='ltr'><strong><em>rcpiov</em></strong></span> <span class='ocrx_word' id='word_1_218' title='bbox 477 2896 540 2949; x_wconf 75' lang='lat' dir='ltr'><strong><em>sarh</em></strong></span> <span class='ocrx_word' id='word_1_219' title='bbox 560 2897 636 2966; x_wconf 82' lang='grc' dir='ltr'>χάριν</span> <span class='ocrx_word' id='word_1_220' title='bbox 650 2899 697 2949; x_wconf 84' lang='grc' dir='ltr'><strong><em>τοῦ</em></strong></span> <span class='ocrx_word' id='word_1_221' title='bbox 712 2894 856 2950; x_wconf 69' lang='grc' dir='ltr'>ἐπισκόπου</span> <span class='ocrx_word' id='word_1_222' title='bbox 869 2898 917 2949; x_wconf 77' lang='grc' dir='ltr'><strong><em>τοῦ</em></strong></span> <span class='ocrx_word' id='word_1_223' title='bbox 930 2894 1063 2951; x_wconf 65' lang='grc' dir='ltr'>ἐπιθέντος</span> <span class='ocrx_word' id='word_1_224' title='bbox 1075 2894 1145 2967; x_wconf 72' lang='grc' dir='ltr'><strong><em>αὐτῷ</em></strong></span> <span class='ocrx_word' id='word_1_225' title='bbox 1157 2896 1246 2965; x_wconf 69' lang='grc' dir='ltr'>χοῖροι</span> <span class='ocrx_word' id='word_1_226' title='bbox 1259 2893 1296 2949; x_wconf 83' lang='lat' dir='ltr'><strong><em>cis</em></strong></span> <span class='ocrx_word' id='word_1_227' title='bbox 1307 2894 1429 2964; x_wconf 74' lang='grc' dir='ltr'>προσβο-</span> 
     </span>
     <span class='ocr_line' id='line_1_26' title="bbox 378 2988 1427 3063; baseline -0.002 -20"><span class='ocrx_word' id='word_1_228' title='bbox 378 2988 465 3060; x_wconf 78' lang='grc' dir='ltr'>πιρίον</span> <span class='ocrx_word' id='word_1_229' title='bbox 487 2993 592 3063; x_wconf 79' lang='grc' dir='ltr'>κλῆρον,</span> <span class='ocrx_word' id='word_1_230' title='bbox 608 2988 637 3047; x_wconf 74' lang='grc' dir='ltr'><strong><em>ὃς</em></strong></span> <span class='ocrx_word' id='word_1_231' title='bbox 654 2992 857 3061; x_wconf 76' lang='grc' dir='ltr'>διοκολνόμινοι</span> <span class='ocrx_word' id='word_1_232' title='bbox 872 2992 924 3047; x_wconf 74' lang='lat' dir='ltr'><strong><em>iri</em></strong></span> <span class='ocrx_word' id='word_1_233' title='bbox 940 2993 1035 3048; x_wconf 74' lang='grc' dir='ltr'><strong><em>παντὸς</em></strong></span> <span class='ocrx_word' id='word_1_234' title='bbox 1048 2995 1096 3046; x_wconf 81' lang='grc' dir='ltr'><strong><em>τοῦ</em></strong></span> <span class='ocrx_word' id='word_1_235' title='bbox 1109 2990 1214 3063; x_wconf 70' lang='grc' dir='ltr'>κλήρου,</span> <span class='ocrx_word' id='word_1_236' title='bbox 1227 2990 1297 3044; x_wconf 71' lang='lat' dir='ltr'><strong><em>diii</em></strong></span> <span class='ocrx_word' id='word_1_237' title='bbox 1311 2990 1352 3043; x_wconf 75' lang='lat' dir='ltr'><strong><em>uni</em></strong></span> <span class='ocrx_word' id='word_1_238' title='bbox 1369 2991 1427 3042; x_wconf 82' lang='grc' dir='ltr'>λοῖ-</span> 
     </span>
     <span class='ocr_line' id='line_1_27' title="bbox 378 3083 1428 3159; baseline 0 -21"><span class='ocrx_word' id='word_1_239' title='bbox 378 3090 429 3139; x_wconf 74' lang='lat' dir='ltr'><strong><em>sciis</em></strong></span> <span class='ocrx_word' id='word_1_240' title='bbox 438 3087 555 3141; x_wconf 80' lang='grc' dir='ltr'><strong><em>πολλῶν.</em></strong></span> <span class='ocrx_word' id='word_1_241' title='bbox 575 3086 630 3141; x_wconf 66' lang='grc' dir='ltr'><strong><em>ἐπεὶ</em></strong></span> <span class='ocrx_word' id='word_1_242' title='bbox 644 3087 679 3155; x_wconf 70' lang='grc' dir='ltr'><strong><em>μὴ</em></strong></span> <span class='ocrx_word' id='word_1_243' title='bbox 692 3086 753 3157; x_wconf 70' lang='grc' dir='ltr'><strong><em>θεὸν</em></strong></span> <span class='ocrx_word' id='word_1_244' title='bbox 767 3086 798 3155; x_wconf 77' lang='grc' dir='ltr'><strong><em>ἦν</em></strong></span> <span class='ocrx_word' id='word_1_245' title='bbox 810 3091 857 3143; x_wconf 82' lang='grc' dir='ltr'><strong><em>τὸν</em></strong></span> <span class='ocrx_word' id='word_1_246' title='bbox 870 3089 898 3142; x_wconf 73' lang='grc' dir='ltr'><strong><em>ἐν</em></strong></span> <span class='ocrx_word' id='word_1_247' title='bbox 910 3086 984 3157; x_wconf 73' lang='grc' dir='ltr'>κλίνῃ</span> <span class='ocrx_word' id='word_1_248' title='bbox 999 3089 1041 3142; x_wconf 75' lang='lat' dir='ltr'><strong><em>hh</em></strong></span> <span class='ocrx_word' id='word_1_249' title='bbox 1054 3091 1134 3142; x_wconf 83' lang='grc' dir='ltr'>νόσον</span> <span class='ocrx_word' id='word_1_250' title='bbox 1147 3086 1326 3159; x_wconf 76' lang='grc' dir='ltr'>περιχυθέντα,</span> <span class='ocrx_word' id='word_1_251' title='bbox 1336 3083 1428 3157; x_wconf 69' lang='grc' dir='ltr'>ὥσπερ</span> 
     </span>
     <span class='ocr_line' id='line_1_28' title="bbox 380 3181 1429 3258; baseline 0.001 -22"><span class='ocrx_word' id='word_1_252' title='bbox 380 3184 421 3237; x_wconf 79' lang='lat' dir='ltr'><strong><em>scal</em></strong></span> <span class='ocrx_word' id='word_1_253' title='bbox 435 3181 520 3245; x_wconf 74' lang='lat' dir='ltr'><strong><em>uiros,</em></strong></span> <span class='ocrx_word' id='word_1_254' title='bbox 535 3184 572 3239; x_wconf 82' lang='lat' dir='ltr'><strong><em>cis</em></strong></span> <span class='ocrx_word' id='word_1_255' title='bbox 590 3185 685 3255; x_wconf 71' lang='lat' dir='ltr'><strong><em>alippio</em></strong></span> <span class='ocrx_word' id='word_1_256' title='bbox 702 3205 760 3238; x_wconf 78' lang='grc' dir='ltr'>τινα</span> <span class='ocrx_word' id='word_1_257' title='bbox 780 3184 911 3256; x_wconf 69' lang='grc' dir='ltr'>γενέσθαι,</span> <span class='ocrx_word' id='word_1_258' title='bbox 926 3184 1022 3255; x_wconf 57' lang='lat' dir='ltr'><strong><em>itha·</em></strong></span> <span class='ocrx_word' id='word_1_259' title='bbox 1040 3184 1240 3256; x_wconf 75' lang='grc' dir='ltr'>σνγχορηθῆνιιι</span> <span class='ocrx_word' id='word_1_260' title='bbox 1252 3184 1322 3258; x_wconf 66' lang='grc' dir='ltr'><strong><em>οὐτᾷ</em></strong></span> <span class='ocrx_word' id='word_1_261' title='bbox 1335 3185 1429 3237; x_wconf 68' lang='grc' dir='ltr'>τοῦτον</span> 
     </span>
     <span class='ocr_line' id='line_1_29' title="bbox 380 3278 1429 3358; baseline 0.002 -25"><span class='ocrx_word' id='word_1_262' title='bbox 380 3283 459 3348; x_wconf 85' lang='grc' dir='ltr'>μόνον</span> <span class='ocrx_word' id='word_1_263' title='bbox 472 3282 662 3351; x_wconf 68' lang='grc' dir='ltr'>χειροτονῆσαι.</span> <span class='ocrx_word' id='word_1_264' title='bbox 705 3279 752 3337; x_wconf 78' lang='lat' dir='ltr'><strong><em>De</em></strong></span> <span class='ocrx_word' id='word_1_265' title='bbox 772 3279 926 3357; x_wconf 76' lang='lat' dir='ltr'><strong><em>baptisatis</em></strong></span> <span class='ocrx_word' id='word_1_266' title='bbox 945 3280 977 3337; x_wconf 86' lang='lat' dir='ltr'><strong><em>in</em></strong></span> <span class='ocrx_word' id='word_1_267' title='bbox 998 3278 1171 3358; x_wconf 63' lang='lat' dir='ltr'><strong><em>nigritudine</em></strong></span> <span class='ocrx_word' id='word_1_268' title='bbox 1188 3279 1322 3338; x_wconf 78' lang='lat' dir='ltr'><strong><em>meminit</em></strong></span> <span class='ocrx_word' id='word_1_269' title='bbox 1339 3278 1429 3336; x_wconf 71' lang='lat' dir='ltr'><strong><em>etium</em></strong></span> 
     </span>
     <span class='ocr_line' id='line_1_30' title="bbox 378 3373 1429 3452; baseline -0.002 -19"><span class='ocrx_word' id='word_1_270' title='bbox 378 3394 442 3433; x_wconf 82' lang='lat' dir='ltr'><strong><em>ceu.</em></strong></span> <span class='ocrx_word' id='word_1_271' title='bbox 463 3390 527 3449; x_wconf 84' lang='lat'><strong>¹5¹·</strong></span> <span class='ocrx_word' id='word_1_272' title='bbox 549 3374 636 3450; x_wconf 91' lang='lat' dir='ltr'><strong><em>hujus</em></strong></span> <span class='ocrx_word' id='word_1_273' title='bbox 657 3373 763 3433; x_wconf 89' lang='lat' dir='ltr'><strong><em>codicis</em></strong></span> <span class='ocrx_word' id='word_1_274' title='bbox 784 3386 815 3434; x_wconf 89' lang='lat' dir='ltr'><strong><em>et</em></strong></span> <span class='ocrx_word' id='word_1_275' title='bbox 833 3396 897 3434; x_wconf 88' lang='lat' dir='ltr'><strong><em>osa.</em></strong></span> <span class='ocrx_word' id='word_1_276' title='bbox 907 3377 957 3450; x_wconf 83' lang='lat'><strong><em>48.</em></strong></span> <span class='ocrx_word' id='word_1_277' title='bbox 978 3375 1157 3435; x_wconf 81' lang='lat' dir='ltr'><strong><em>collectionis</em></strong></span> <span class='ocrx_word' id='word_1_278' title='bbox 1176 3375 1334 3436; x_wconf 74' lang='lat' dir='ltr'><strong><em>Africanae.</em></strong></span> <span class='ocrx_word' id='word_1_279' title='bbox 1370 3376 1429 3452; x_wconf 80' lang='lat' dir='ltr'><strong><em>Cy.</em></strong></span> 
     </span>
     <span class='ocr_line' id='line_1_31' title="bbox 380 3468 1429 3550; baseline 0.002 -23"><span class='ocrx_word' id='word_1_280' title='bbox 380 3469 499 3549; x_wconf 84' lang='lat' dir='ltr'><strong><em>prianus</em></strong></span> <span class='ocrx_word' id='word_1_281' title='bbox 521 3468 571 3528; x_wconf 93' lang='lat' dir='ltr'><strong><em>lib.</em></strong></span> <span class='ocrx_word' id='word_1_282' title='bbox 587 3470 625 3527; x_wconf 86' lang='lat' dir='ltr'><strong><em>iv.</em></strong></span> <span class='ocrx_word' id='word_1_283' title='bbox 651 3471 733 3549; x_wconf 85' lang='lat' dir='ltr'><strong><em>epist.</em></strong></span> <span class='ocrx_word' id='word_1_284' title='bbox 753 3488 780 3545; x_wconf 89' lang='lat'><strong><em>7.</em></strong></span> <span class='ocrx_word' id='word_1_285' title='bbox 803 3472 907 3548; x_wconf 88' lang='lat' dir='ltr'><strong><em>quiet</em></strong></span> <span class='ocrx_word' id='word_1_286' title='bbox 931 3471 1097 3550; x_wconf 90' lang='lat' dir='ltr'><strong><em>hujusmodi</em></strong></span> <span class='ocrx_word' id='word_1_287' title='bbox 1125 3471 1244 3531; x_wconf 83' lang='lat' dir='ltr'><strong><em>clinicos</em></strong></span> <span class='ocrx_word' id='word_1_288' title='bbox 1267 3470 1429 3549; x_wconf 83' lang='lat' dir='ltr'><strong><em>appellatos</em></strong></span> 
     </span>
     <span class='ocr_line' id='line_1_32' title="bbox 380 3566 1427 3646; baseline 0 -23"><span class='ocrx_word' id='word_1_289' title='bbox 380 3566 578 3625; x_wconf 83' lang='lat' dir='ltr'><strong><em>fuissetradit.</em></strong></span> <span class='ocrx_word' id='word_1_290' title='bbox 601 3566 695 3626; x_wconf 88' lang='lat' dir='ltr'><strong><em>Erant</em></strong></span> <span class='ocrx_word' id='word_1_291' title='bbox 705 3579 802 3627; x_wconf 84' lang='lat' dir='ltr'><strong><em>sutem</em></strong></span> <span class='ocrx_word' id='word_1_292' title='bbox 812 3569 980 3627; x_wconf 87' lang='lat' dir='ltr'><strong><em>clinicorum</em></strong></span> <span class='ocrx_word' id='word_1_293' title='bbox 990 3569 1172 3646; x_wconf 86' lang='lat' dir='ltr'><strong><em>duogenern.</em></strong></span> <span class='ocrx_word' id='word_1_294' title='bbox 1197 3566 1427 3645; x_wconf 84' lang='lat' dir='ltr'><strong><em>Alii,qaifidem</em></strong></span> 
     </span>
     <span class='ocr_line' id='line_1_33' title="bbox 382 3663 1429 3745; baseline -0.001 -24"><span class='ocrx_word' id='word_1_295' title='bbox 382 3663 499 3741; x_wconf 89' lang='lat' dir='ltr'><strong><em>quidem</em></strong></span> <span class='ocrx_word' id='word_1_296' title='bbox 510 3664 704 3723; x_wconf 83' lang='lat' dir='ltr'><strong><em>Christianam</em></strong></span> <span class='ocrx_word' id='word_1_297' title='bbox 715 3665 853 3745; x_wconf 83' lang='lat' dir='ltr'><strong><em>amplexi,</em></strong></span> <span class='ocrx_word' id='word_1_298' title='bbox 863 3666 987 3724; x_wconf 87' lang='lat' dir='ltr'><strong><em>necdum</em></strong></span> <span class='ocrx_word' id='word_1_299' title='bbox 996 3677 1093 3724; x_wconf 65' lang='lat' dir='ltr'><strong><em>tanna</em></strong></span> <span class='ocrx_word' id='word_1_300' title='bbox 1107 3666 1254 3744; x_wconf 78' lang='lat' dir='ltr'><strong><em>baptisati,</em></strong></span> <span class='ocrx_word' id='word_1_301' title='bbox 1268 3664 1337 3723; x_wconf 91' lang='lat' dir='ltr'><strong><em>siin</em></strong></span> <span class='ocrx_word' id='word_1_302' title='bbox 1353 3684 1429 3721; x_wconf 84' lang='lat' dir='ltr'><strong><em>asor·</em></strong></span> 
     </span>
     <span class='ocr_line' id='line_1_34' title="bbox 380 3760 1429 3842; baseline -0.002 -23"><span class='ocrx_word' id='word_1_303' title='bbox 380 3762 432 3819; x_wconf 92' lang='lat' dir='ltr'><strong><em>bos</em></strong></span> <span class='ocrx_word' id='word_1_304' title='bbox 446 3762 619 3829; x_wconf 87' lang='lat' dir='ltr'><strong><em>inciderent,</em></strong></span> <span class='ocrx_word' id='word_1_305' title='bbox 631 3763 662 3821; x_wconf 90' lang='lat' dir='ltr'><strong><em>in</em></strong></span> <span class='ocrx_word' id='word_1_306' title='bbox 677 3764 739 3842; x_wconf 85' lang='lat' dir='ltr'><strong><em>ipsa</em></strong></span> <span class='ocrx_word' id='word_1_307' title='bbox 752 3764 934 3841; x_wconf 69' lang='lat' dir='ltr'><strong><em>egritudine,</em></strong></span> <span class='ocrx_word' id='word_1_308' title='bbox 946 3768 988 3820; x_wconf 76' lang='lat' dir='ltr'><strong><em>sal</em></strong></span> <span class='ocrx_word' id='word_1_309' title='bbox 1000 3766 1028 3821; x_wconf 80' lang='lat' dir='ltr'><strong><em>io</em></strong></span> <span class='ocrx_word' id='word_1_310' title='bbox 1041 3770 1072 3833; x_wconf 76' lang='grc' dir='ltr'><strong><em>τῇ</em></strong></span> <span class='ocrx_word' id='word_1_311' title='bbox 1086 3764 1171 3832; x_wconf 70' lang='grc' dir='ltr'>κλίνῃ,</span> <span class='ocrx_word' id='word_1_312' title='bbox 1181 3761 1211 3819; x_wconf 92' lang='lat' dir='ltr'><strong><em>in</em></strong></span> <span class='ocrx_word' id='word_1_313' title='bbox 1223 3762 1299 3819; x_wconf 88' lang='lat' dir='ltr'><strong><em>lecto</em></strong></span> <span class='ocrx_word' id='word_1_314' title='bbox 1309 3760 1429 3819; x_wconf 86' lang='lat' dir='ltr'><strong><em>decum-</em></strong></span> 
     </span>
     <span class='ocr_line' id='line_1_35' title="bbox 381 3857 1429 3938; baseline -0.001 -23"><span class='ocrx_word' id='word_1_315' title='bbox 381 3859 482 3916; x_wconf 90' lang='lat' dir='ltr'><strong><em>bentes</em></strong></span> <span class='ocrx_word' id='word_1_316' title='bbox 503 3859 732 3937; x_wconf 81' lang='lat' dir='ltr'><strong><em>baptisabantar.</em></strong></span> <span class='ocrx_word' id='word_1_317' title='bbox 778 3860 894 3917; x_wconf 90' lang='lat' dir='ltr'><strong><em>Horam</em></strong></span> <span class='ocrx_word' id='word_1_318' title='bbox 916 3860 1049 3918; x_wconf 88' lang='lat' dir='ltr'><strong><em>meminit</em></strong></span> <span class='ocrx_word' id='word_1_319' title='bbox 1066 3858 1251 3938; x_wconf 85' lang='lat' dir='ltr'><strong><em>Epiphanius</em></strong></span> <span class='ocrx_word' id='word_1_320' title='bbox 1265 3857 1366 3915; x_wconf 71' lang='lat' dir='ltr'><strong><em>heresi</em></strong></span> <span class='ocrx_word' id='word_1_321' title='bbox 1380 3859 1429 3915; x_wconf 76' lang='lat'><strong><em>28.</em></strong></span> 
     </span>
    </p>
   </div>
   <div class='ocr_carea' id='block_1_5' title="bbox 379 3952 1430 4423">
    <p class='ocr_par' dir='ltr' id='par_1_6' title="bbox 379 3952 1430 4423">
     <span class='ocr_line' id='line_1_36' title="bbox 379 3952 1430 4034; baseline 0.004 -25"><span class='ocrx_word' id='word_1_322' title='bbox 379 3958 406 4009; x_wconf 89' lang='lat' dir='ltr'><strong><em>ol</em></strong></span> <span class='ocrx_word' id='word_1_323' title='bbox 419 3958 560 4025; x_wconf 73' lang='lat' dir='ltr'><strong><em>palliaret·</em></strong></span> <span class='ocrx_word' id='word_1_324' title='bbox 577 3960 710 4028; x_wconf 67' lang='grc' dir='ltr'>τελευτᾷν,</span> <span class='ocrx_word' id='word_1_325' title='bbox 725 3956 831 4034; x_wconf 85' lang='lat' dir='ltr'><strong><em>inquit,</em></strong></span> <span class='ocrx_word' id='word_1_326' title='bbox 846 3958 891 4012; x_wconf 68' lang='grc' dir='ltr'><strong><em>ἐὰν</em></strong></span> <span class='ocrx_word' id='word_1_327' title='bbox 907 3952 959 4013; x_wconf 77' lang='lat' dir='ltr'><strong><em>dm</em></strong></span> <span class='ocrx_word' id='word_1_328' title='bbox 971 3955 1166 4029; x_wconf 72' lang='grc' dir='ltr'>ποτηχοῦμινοι,</span> <span class='ocrx_word' id='word_1_329' title='bbox 1180 3959 1233 4029; x_wconf 78' lang='grc' dir='ltr'><strong><em>πρὸ</em></strong></span> <span class='ocrx_word' id='word_1_330' title='bbox 1245 3960 1292 4025; x_wconf 74' lang='grc' dir='ltr'><strong><em>τῆς</em></strong></span> <span class='ocrx_word' id='word_1_331' title='bbox 1306 3959 1430 4025; x_wconf 74' lang='grc' dir='ltr'><strong><em>τελευτῆς</em></strong></span> 
     </span>
     <span class='ocr_line' id='line_1_37' title="bbox 380 4050 1430 4131; baseline 0.004 -25"><span class='ocrx_word' id='word_1_332' title='bbox 380 4050 492 4123; x_wconf 79' lang='grc' dir='ltr'>λοῦπρου</span> <span class='ocrx_word' id='word_1_333' title='bbox 518 4056 703 4124; x_wconf 76' lang='grc' dir='ltr'>κατοξιοῦνποι.</span> <span class='ocrx_word' id='word_1_334' title='bbox 747 4053 796 4113; x_wconf 85' lang='lat' dir='ltr'><strong><em>Sic</em></strong></span> <span class='ocrx_word' id='word_1_335' title='bbox 822 4053 979 4111; x_wconf 71' lang='lat' dir='ltr'><strong><em>Praetorem</em></strong></span> <span class='ocrx_word' id='word_1_336' title='bbox 1005 4052 1190 4111; x_wconf 63' lang='lat' dir='ltr'><strong><em>Arintheum</em></strong></span> <span class='ocrx_word' id='word_1_337' title='bbox 1216 4053 1247 4110; x_wconf 88' lang='lat' dir='ltr'><strong><em>in</em></strong></span> <span class='ocrx_word' id='word_1_338' title='bbox 1273 4054 1337 4131; x_wconf 83' lang='lat' dir='ltr'><strong><em>ipso</em></strong></span> <span class='ocrx_word' id='word_1_339' title='bbox 1361 4053 1430 4110; x_wconf 76' lang='lat' dir='ltr'><strong><em>vite</em></strong></span> 
     </span>
     <span class='ocr_line' id='line_1_38' title="bbox 379 4146 1429 4229; baseline 0 -24"><span class='ocrx_word' id='word_1_340' title='bbox 379 4146 464 4205; x_wconf 85' lang='lat' dir='ltr'><strong><em>exitu</em></strong></span> <span class='ocrx_word' id='word_1_341' title='bbox 475 4148 700 4224; x_wconf 84' lang='lat' dir='ltr'><strong><em>regenerationis</em></strong></span> <span class='ocrx_word' id='word_1_342' title='bbox 709 4150 855 4210; x_wconf 80' lang='lat' dir='ltr'><strong><em>lavacrum</em></strong></span> <span class='ocrx_word' id='word_1_343' title='bbox 865 4151 1008 4229; x_wconf 85' lang='lat' dir='ltr'><strong><em>accepisse</em></strong></span> <span class='ocrx_word' id='word_1_344' title='bbox 1015 4161 1157 4208; x_wconf 85' lang='lat' dir='ltr'><strong><em>memorat</em></strong></span> <span class='ocrx_word' id='word_1_345' title='bbox 1166 4148 1294 4207; x_wconf 87' lang='lat' dir='ltr'><strong><em>Basilius</em></strong></span> <span class='ocrx_word' id='word_1_346' title='bbox 1305 4150 1389 4223; x_wconf 88' lang='lat' dir='ltr'><strong><em>epist.</em></strong></span> <span class='ocrx_word' id='word_1_347' title='bbox 1401 4166 1429 4222; x_wconf 83' lang='lat'><strong><em>5.</em></strong></span> 
     </span>
     <span class='ocr_line' id='line_1_39' title="bbox 383 4242 1430 4326; baseline 0.004 -28"><span class='ocrx_word' id='word_1_348' title='bbox 383 4242 445 4299; x_wconf 86' lang='lat' dir='ltr'><strong><em>Alii</em></strong></span> <span class='ocrx_word' id='word_1_349' title='bbox 470 4262 546 4308; x_wconf 87' lang='lat' dir='ltr'><strong><em>vero,</em></strong></span> <span class='ocrx_word' id='word_1_350' title='bbox 569 4245 619 4321; x_wconf 91' lang='lat' dir='ltr'><strong><em>qui</em></strong></span> <span class='ocrx_word' id='word_1_351' title='bbox 641 4247 821 4324; x_wconf 84' lang='lat' dir='ltr'><strong><em>professione</em></strong></span> <span class='ocrx_word' id='word_1_352' title='bbox 845 4248 1014 4311; x_wconf 81' lang='lat' dir='ltr'><strong><em>Christiani,</em></strong></span> <span class='ocrx_word' id='word_1_353' title='bbox 1038 4259 1068 4306; x_wconf 87' lang='lat' dir='ltr'><strong><em>et</em></strong></span> <span class='ocrx_word' id='word_1_354' title='bbox 1090 4246 1208 4326; x_wconf 85' lang='lat' dir='ltr'><strong><em>pietatis</em></strong></span> <span class='ocrx_word' id='word_1_355' title='bbox 1231 4245 1364 4304; x_wconf 85' lang='lat' dir='ltr'><strong><em>doctrina</em></strong></span> <span class='ocrx_word' id='word_1_356' title='bbox 1385 4245 1430 4302; x_wconf 91' lang='lat' dir='ltr'><strong><em>ia-</em></strong></span> 
     </span>
     <span class='ocr_line' id='line_1_40' title="bbox 382 4341 1429 4423; baseline 0.002 -26"><span class='ocrx_word' id='word_1_357' title='bbox 382 4341 495 4406; x_wconf 88' lang='lat' dir='ltr'><strong><em>stracti‚</em></strong></span> <span class='ocrx_word' id='word_1_358' title='bbox 511 4341 546 4399; x_wconf 87' lang='lat' dir='ltr'><strong><em>ad</em></strong></span> <span class='ocrx_word' id='word_1_359' title='bbox 562 4354 724 4402; x_wconf 83' lang='lat' dir='ltr'><strong><em>extremum</em></strong></span> <span class='ocrx_word' id='word_1_360' title='bbox 740 4364 833 4421; x_wconf 87' lang='lat' dir='ltr'><strong><em>usqae</em></strong></span> <span class='ocrx_word' id='word_1_361' title='bbox 850 4346 953 4412; x_wconf 73' lang='lat' dir='ltr'><strong><em>aetatis,</em></strong></span> <span class='ocrx_word' id='word_1_362' title='bbox 968 4345 1143 4423; x_wconf 82' lang='lat' dir='ltr'><strong><em>baptismum</em></strong></span> <span class='ocrx_word' id='word_1_363' title='bbox 1159 4342 1293 4402; x_wconf 88' lang='lat' dir='ltr'><strong><em>consulto</em></strong></span> <span class='ocrx_word' id='word_1_364' title='bbox 1312 4353 1429 4421; x_wconf 84' lang='lat' dir='ltr'><strong><em>proten-</em></strong></span> 
     </span>
    </p>
   </div>
   <div class='ocr_carea' id='block_1_6' title="bbox 0 0 1639 5150">
    <p class='ocr_par' dir='ltr' id='par_1_7' title="bbox 0 0 1639 5150">
     <span class='ocr_line' id='line_1_41' title="bbox 0 0 1639 5150; baseline 0 0"><span class='ocrx_word' id='word_1_365' title='bbox 0 0 1639 5150; x_wconf 95' lang='lat' dir='ltr'><strong><em> </em></strong></span> 
     </span>
    </p>
   </div>
  </div>
 </body>
</html>
