<?xml version="1.0" encoding="UTF-8"?>
<!DOCTYPE html PUBLIC "-//W3C//DTD XHTML 1.0 Transitional//EN"
    "http://www.w3.org/TR/xhtml1/DTD/xhtml1-transitional.dtd">
<html xmlns="http://www.w3.org/1999/xhtml" xml:lang="en" lang="en">
 <head>
  <title>
</title>
<meta http-equiv="Content-Type" content="text/html;charset=utf-8" />
  <meta name='ocr-system' content='tesseract 3.04.00' />
  <meta name='ocr-capabilities' content='ocr_page ocr_carea ocr_par ocr_line ocrx_word'/>
</head>
<body>
  <div class='ocr_page' id='page_1' title='image "./reliquiaesacrae12routgoog_0394.png"; bbox 0 0 3242 5150; ppageno 0'>
   <div class='ocr_carea' id='block_1_1' title="bbox 378 382 1199 454">
    <p class='ocr_par' dir='ltr' id='par_1_1' title="bbox 378 382 1199 454">
     <span class='ocr_line' id='line_1_1' title="bbox 378 382 1199 454; baseline -0.011 0"><span class='ocrx_word' id='word_1_1' title='bbox 378 392 444 454; x_wconf 77' lang='lat'>384</span> <span class='ocrx_word' id='word_1_2' title='bbox 612 388 645 449; x_wconf 93' lang='lat' dir='ltr'>S.</span> <span class='ocrx_word' id='word_1_3' title='bbox 669 383 914 449; x_wconf 88' lang='lat' dir='ltr'>PAMPHILI</span> <span class='ocrx_word' id='word_1_4' title='bbox 940 382 1199 446; x_wconf 85' lang='lat' dir='ltr'><strong>MARTYRIS</strong></span> 
     </span>
    </p>
   </div>
   <div class='ocr_carea' id='block_1_2' title="bbox 378 551 1431 976">
    <p class='ocr_par' dir='ltr' id='par_1_2' title="bbox 378 551 1431 976">
     <span class='ocr_line' id='line_1_2' title="bbox 423 551 1431 638; baseline -0.004 -16"><span class='ocrx_word' id='word_1_5' title='bbox 423 559 618 622; x_wconf 76' lang='lat' dir='ltr'>Panrnrnus.</span> <span class='ocrx_word' id='word_1_6' title='bbox 637 555 701 619; x_wconf 87' lang='lat' dir='ltr'>Sed</span> <span class='ocrx_word' id='word_1_7' title='bbox 715 553 783 618; x_wconf 75' lang='lat' dir='ltr'>hnc</span> <span class='ocrx_word' id='word_1_8' title='bbox 798 553 832 616; x_wconf 92' lang='lat' dir='ltr'>in</span> <span class='ocrx_word' id='word_1_9' title='bbox 847 575 885 617; x_wconf 90' lang='lat' dir='ltr'>eo</span> <span class='ocrx_word' id='word_1_10' title='bbox 899 553 969 617; x_wconf 94' lang='lat' dir='ltr'>loco</span> <span class='ocrx_word' id='word_1_11' title='bbox 983 551 1075 630; x_wconf 83' lang='lat' dir='ltr'>dixit,</span> <span class='ocrx_word' id='word_1_12' title='bbox 1088 551 1121 616; x_wconf 91' lang='lat' dir='ltr'>in</span> <span class='ocrx_word' id='word_1_13' title='bbox 1134 553 1249 638; x_wconf 89' lang='lat' dir='ltr'>quode</span> <span class='ocrx_word' id='word_1_14' title='bbox 1262 553 1431 619; x_wconf 73' lang='lat' dir='ltr'><strong>animabus</strong></span> 
     </span>
     <span class='ocr_line' id='line_1_3' title="bbox 378 662 1430 751; baseline -0.01 -16"><span class='ocrx_word' id='word_1_15' title='bbox 378 668 561 735; x_wconf 86' lang='lat' dir='ltr'>animalium</span> <span class='ocrx_word' id='word_1_16' title='bbox 585 665 777 751; x_wconf 74' lang='lat' dir='ltr'>requirebat,</span> <span class='ocrx_word' id='word_1_17' title='bbox 800 684 865 727; x_wconf 93' lang='lat' dir='ltr'>non</span> <span class='ocrx_word' id='word_1_18' title='bbox 887 663 927 727; x_wconf 89' lang='lat' dir='ltr'>de</span> <span class='ocrx_word' id='word_1_19' title='bbox 949 662 1217 727; x_wconf 76' lang='lat' dir='ltr'>transmutatione</span> <span class='ocrx_word' id='word_1_20' title='bbox 1240 662 1430 727; x_wconf 85' lang='lat' dir='ltr'>animarum.</span> 
     </span>
     <span class='ocr_line' id='line_1_4' title="bbox 378 771 1431 858; baseline -0.008 -14"><span class='ocrx_word' id='word_1_21' title='bbox 378 783 430 844; x_wconf 90' lang='lat' dir='ltr'>De</span> <span class='ocrx_word' id='word_1_22' title='bbox 459 778 637 844; x_wconf 87' lang='lat' dir='ltr'>animarum</span> <span class='ocrx_word' id='word_1_23' title='bbox 664 796 740 840; x_wconf 89' lang='lat' dir='ltr'>vero</span> <span class='ocrx_word' id='word_1_24' title='bbox 765 773 1034 840; x_wconf 72' lang='lat' dir='ltr'>transmutatione</span> <span class='ocrx_word' id='word_1_25' title='bbox 1063 771 1097 836; x_wconf 94' lang='lat' dir='ltr'>in</span> <span class='ocrx_word' id='word_1_26' title='bbox 1127 771 1263 858; x_wconf 85' lang='lat' dir='ltr'>septimo</span> <span class='ocrx_word' id='word_1_27' title='bbox 1289 772 1371 836; x_wconf 92' lang='lat' dir='ltr'>libro</span> <span class='ocrx_word' id='word_1_28' title='bbox 1396 773 1431 836; x_wconf 92' lang='lat' dir='ltr'>in</span> 
     </span>
     <span class='ocr_line' id='line_1_5' title="bbox 378 883 1187 976; baseline -0.012 -20"><span class='ocrx_word' id='word_1_29' title='bbox 378 889 587 976; x_wconf 81' lang='lat' dir='ltr'>Evangelium</span> <span class='ocrx_word' id='word_1_30' title='bbox 601 886 774 952; x_wconf 90' lang='lat' dir='ltr'>secundum</span> <span class='ocrx_word' id='word_1_31' title='bbox 791 885 990 950; x_wconf 82' lang='lat' dir='ltr'>Matthaeum</span> <span class='ocrx_word' id='word_1_32' title='bbox 1004 883 1052 949; x_wconf 89' lang='lat' dir='ltr'>ita</span> <span class='ocrx_word' id='word_1_33' title='bbox 1067 883 1187 948; x_wconf 81' lang='lat' dir='ltr'>scribit.</span> 
     </span>
    </p>
   </div>
   <div class='ocr_carea' id='block_1_3' title="bbox 577 1053 1220 1386">
    <p class='ocr_par' dir='ltr' id='par_1_3' title="bbox 577 1053 1220 1386">
     <span class='ocr_line' id='line_1_6' title="bbox 577 1053 1220 1144; baseline -0.012 -20"><span class='ocrx_word' id='word_1_34' title='bbox 577 1057 754 1144; x_wconf 73' lang='lat' dir='ltr'>Responsio</span> <span class='ocrx_word' id='word_1_35' title='bbox 769 1057 811 1122; x_wconf 86' lang='lat' dir='ltr'>ad</span> <span class='ocrx_word' id='word_1_36' title='bbox 827 1057 946 1119; x_wconf 87' lang='lat' dir='ltr'>nonam</span> <span class='ocrx_word' id='word_1_37' title='bbox 961 1053 1220 1118; x_wconf 78' lang='lat' dir='ltr'>criminationem.</span> 
     </span>
     <span class='ocr_line' id='line_1_7' title="bbox 787 1191 1017 1257; baseline -0.026 0"><span class='ocrx_word' id='word_1_38' title='bbox 787 1191 945 1257; x_wconf 76' lang='lat' dir='ltr'>CAPUT</span> <span class='ocrx_word' id='word_1_39' title='bbox 970 1191 1017 1254; x_wconf 92' lang='lat' dir='ltr'>X.</span> 
     </span>
     <span class='ocr_line' id='line_1_8' title="bbox 644 1316 1159 1386; baseline -0.017 1"><span class='ocrx_word' id='word_1_40' title='bbox 644 1323 695 1386; x_wconf 86' lang='lat' dir='ltr'>Dc</span> <span class='ocrx_word' id='word_1_41' title='bbox 708 1317 959 1386; x_wconf 69' lang='lat' dir='ltr'>transmutatione</span> <span class='ocrx_word' id='word_1_42' title='bbox 972 1316 1159 1380; x_wconf 73' lang='lat' dir='ltr'>naimonem.</span> 
     </span>
    </p>
   </div>
   <div class='ocr_carea' id='block_1_4' title="bbox 378 1433 1428 1744">
    <p class='ocr_par' dir='ltr' id='par_1_4' title="bbox 378 1433 1428 1744">
     <span class='ocr_line' id='line_1_9' title="bbox 421 1433 1256 1525; baseline -0.019 -14"><span class='ocrx_word' id='word_1_43' title='bbox 421 1445 585 1511; x_wconf 80' lang='lat' dir='ltr'>Omenuus.</span> <span class='ocrx_word' id='word_1_44' title='bbox 611 1441 745 1522; x_wconf 73' lang='lat' dir='ltr'>Quidam</span> <span class='ocrx_word' id='word_1_45' title='bbox 759 1436 1095 1525; x_wconf 75' lang='lat' dir='ltr'>quidem—patrum</span> <span class='ocrx_word' id='word_1_46' title='bbox 1109 1433 1152 1499; x_wconf 86' lang='lat' dir='ltr'>ad</span> <span class='ocrx_word' id='word_1_47' title='bbox 1167 1433 1256 1497; x_wconf 86' lang='lat' dir='ltr'>filios.</span> 
     </span>
     <span class='ocr_line' id='line_1_10' title="bbox 422 1541 1428 1635; baseline -0.013 -16"><span class='ocrx_word' id='word_1_48' title='bbox 422 1557 616 1619; x_wconf 73' lang='lat' dir='ltr'>Prurnmns.</span> <span class='ocrx_word' id='word_1_49' title='bbox 633 1555 685 1616; x_wconf 90' lang='lat' dir='ltr'>De</span> <span class='ocrx_word' id='word_1_50' title='bbox 698 1573 737 1615; x_wconf 93' lang='lat' dir='ltr'>eo</span> <span class='ocrx_word' id='word_1_51' title='bbox 757 1550 839 1635; x_wconf 91' lang='lat' dir='ltr'>ipso,</span> <span class='ocrx_word' id='word_1_52' title='bbox 855 1567 895 1610; x_wconf 80' lang='lat' dir='ltr'>ex</span> <span class='ocrx_word' id='word_1_53' title='bbox 915 1545 1081 1610; x_wconf 85' lang='lat' dir='ltr'>undecimo</span> <span class='ocrx_word' id='word_1_54' title='bbox 1100 1544 1182 1609; x_wconf 92' lang='lat' dir='ltr'>libro</span> <span class='ocrx_word' id='word_1_55' title='bbox 1197 1543 1238 1608; x_wconf 88' lang='lat' dir='ltr'>do</span> <span class='ocrx_word' id='word_1_56' title='bbox 1253 1541 1428 1628; x_wconf 83' lang='lat' dir='ltr'>Evangelio</span> 
     </span>
     <span class='ocr_line' id='line_1_11' title="bbox 378 1656 970 1744; baseline -0.025 -11"><span class='ocrx_word' id='word_1_57' title='bbox 378 1667 550 1733; x_wconf 88' lang='lat' dir='ltr'>secuudum</span> <span class='ocrx_word' id='word_1_58' title='bbox 566 1663 770 1729; x_wconf 83' lang='lat' dir='ltr'>Mattbaeum.</span> <span class='ocrx_word' id='word_1_59' title='bbox 787 1663 888 1744; x_wconf 91' lang='lat' dir='ltr'>(num.</span> <span class='ocrx_word' id='word_1_60' title='bbox 908 1656 970 1738; x_wconf 84' lang='lat'>17.)</span> 
     </span>
    </p>
   </div>
   <div class='ocr_carea' id='block_1_5' title="bbox 377 1790 1427 2414">
    <p class='ocr_par' dir='ltr' id='par_1_5' title="bbox 377 1790 1427 2414">
     <span class='ocr_line' id='line_1_12' title="bbox 459 1790 1263 1873; baseline -0.017 -19"><span class='ocrx_word' id='word_1_61' title='bbox 459 1796 562 1873; x_wconf 77' lang='lat' dir='ltr'>Rrfiai</span> <span class='ocrx_word' id='word_1_62' title='bbox 578 1790 793 1870; x_wconf 79' lang='lat' dir='ltr'>Interpretatio.</span> <span class='ocrx_word' id='word_1_63' title='bbox 1082 1801 1263 1858; x_wconf 57' lang='lat' dir='ltr'><strong>omme,</strong></span> 
     </span>
     <span class='ocr_line' id='line_1_13' title="bbox 418 1901 1422 2019; baseline -0.02 -19"><span class='ocrx_word' id='word_1_64' title='bbox 418 1942 462 2000; x_wconf 86' lang='lat' dir='ltr'>Hi</span> <span class='ocrx_word' id='word_1_65' title='bbox 476 1939 593 2019; x_wconf 86' lang='lat' dir='ltr'>quidem</span> <span class='ocrx_word' id='word_1_66' title='bbox 607 1937 659 2016; x_wconf 90' lang='lat' dir='ltr'>qni</span> <span class='ocrx_word' id='word_1_67' title='bbox 673 1935 760 1994; x_wconf 89' lang='lat' dir='ltr'>alieni</span> <span class='ocrx_word' id='word_1_68' title='bbox 775 1944 875 1994; x_wconf 84' lang='lat' dir='ltr'>sunta</span> <span class='ocrx_word' id='word_1_69' title='bbox 973 1901 1113 1983; x_wconf 72' lang='grc' dir='ltr'>Ἄλλοι</span> <span class='ocrx_word' id='word_1_70' title='bbox 1140 1901 1206 2002; x_wconf 62' lang='grc' dir='ltr'>μὲν</span> <span class='ocrx_word' id='word_1_71' title='bbox 1238 1904 1301 1982; x_wconf 75' lang='grc' dir='ltr'>οὖν</span> <span class='ocrx_word' id='word_1_72' title='bbox 1333 1905 1422 1982; x_wconf 75' lang='grc' dir='ltr'>ὑπο-</span> 
     </span>
     <span class='ocr_line' id='line_1_14' title="bbox 926 2037 1426 2144; baseline -0.002 -27"><span class='ocrx_word' id='word_1_73' title='bbox 926 2037 1215 2138; x_wconf 78' lang='grc' dir='ltr'>λαμβανέτιοσαν</span> <span class='ocrx_word' id='word_1_74' title='bbox 1240 2037 1335 2144; x_wconf 72' lang='grc' dir='ltr'>ξένοι</span> <span class='ocrx_word' id='word_1_75' title='bbox 1361 2044 1426 2117; x_wconf 84' lang='grc' dir='ltr'>τοῦ</span> 
     </span>
     <span class='ocr_line' id='line_1_15' title="bbox 926 2169 1427 2272; baseline -0.008 -20"><span class='ocrx_word' id='word_1_76' title='bbox 926 2169 1427 2272; x_wconf 77' lang='grc' dir='ltr'>ἐκκλησιαστικοῦλόγουμε-</span> 
     </span>
     <span class='ocr_line' id='line_1_16' title="bbox 377 2288 1425 2414; baseline -0.016 -62"><span class='ocrx_word' id='word_1_77' title='bbox 377 2313 440 2352; x_wconf 88' lang='lat' dir='ltr'>mas</span> <span class='ocrx_word' id='word_1_78' title='bbox 457 2313 495 2352; x_wconf 85' lang='lat' dir='ltr'>ex</span> <span class='ocrx_word' id='word_1_79' title='bbox 510 2291 646 2350; x_wconf 87' lang='lat' dir='ltr'>humanis</span> <span class='ocrx_word' id='word_1_80' title='bbox 662 2288 877 2369; x_wconf 81' lang='lat' dir='ltr'>corporibuain</span> <span class='ocrx_word' id='word_1_81' title='bbox 926 2307 1107 2403; x_wconf 68' lang='lat' dir='ltr'>rassat&#39;vew</span> <span class='ocrx_word' id='word_1_82' title='bbox 1124 2305 1190 2391; x_wconf 56' lang='grc' dir='ltr'>τὰς</span> <span class='ocrx_word' id='word_1_83' title='bbox 1207 2305 1331 2414; x_wconf 45' lang='lat' dir='ltr'>mac</span> <span class='ocrx_word' id='word_1_84' title='bbox 1352 2305 1425 2388; x_wconf 68' lang='grc' dir='ltr'>ἀπὸ</span> 
     </span>
    </p>
   </div>
   <div class='ocr_carea' id='block_1_6' title="bbox 376 2439 1426 2547">
    <p class='ocr_par' dir='ltr' id='par_1_6' title="bbox 376 2439 1426 2547">
     <span class='ocr_line' id='line_1_17' title="bbox 376 2439 1426 2547; baseline -0.007 -21"><span class='ocrx_word' id='word_1_85' title='bbox 376 2486 497 2547; x_wconf 89' lang='lat' dir='ltr'>corpora</span> <span class='ocrx_word' id='word_1_86' title='bbox 513 2463 680 2524; x_wconf 88' lang='lat' dir='ltr'>animalium</span> <span class='ocrx_word' id='word_1_87' title='bbox 698 2470 814 2543; x_wconf 92' lang='lat' dir='ltr'>putant,</span> <span class='ocrx_word' id='word_1_88' title='bbox 828 2479 874 2518; x_wconf 85' lang='lat' dir='ltr'>se-</span> <span class='ocrx_word' id='word_1_89' title='bbox 924 2439 1105 2540; x_wconf 73' lang='grc' dir='ltr'>σωμᾶτων</span> <span class='ocrx_word' id='word_1_90' title='bbox 1137 2441 1336 2544; x_wconf 55' lang='grc' dir='ltr'>ἆνθροῆτων</span> <span class='ocrx_word' id='word_1_91' title='bbox 1367 2442 1426 2520; x_wconf 68' lang='grc' dir='ltr'>ἐπὶ</span> 
     </span>
    </p>
   </div>
   <div class='ocr_carea' id='block_1_7' title="bbox 378 2115 875 2184">
    <p class='ocr_par' dir='ltr' id='par_1_7' title="bbox 378 2115 875 2184">
     <span class='ocr_line' id='line_1_18' title="bbox 378 2115 875 2184; baseline -0.014 -4"><span class='ocrx_word' id='word_1_92' title='bbox 378 2119 528 2180; x_wconf 80' lang='lat' dir='ltr'>catholica</span> <span class='ocrx_word' id='word_1_93' title='bbox 548 2116 616 2184; x_wconf 82' lang='lat' dir='ltr'>fide,</span> <span class='ocrx_word' id='word_1_94' title='bbox 637 2115 789 2175; x_wconf 76' lang='lat' dir='ltr'>transferri</span> <span class='ocrx_word' id='word_1_95' title='bbox 813 2116 875 2174; x_wconf 89' lang='lat' dir='ltr'>ani·</span> 
     </span>
    </p>
   </div>
   <div class='ocr_carea' id='block_1_8' title="bbox 376 2574 1426 2708">
    <p class='ocr_par' dir='ltr' id='par_1_8' title="bbox 376 2574 1426 2708">
     <span class='ocr_line' id='line_1_19' title="bbox 376 2574 1426 2708; baseline -0.016 -15"><span class='ocrx_word' id='word_1_96' title='bbox 376 2632 503 2693; x_wconf 84' lang='lat' dir='ltr'>cundum</span> <span class='ocrx_word' id='word_1_97' title='bbox 526 2630 719 2690; x_wconf 82' lang='lat' dir='ltr'>differentiam</span> <span class='ocrx_word' id='word_1_98' title='bbox 740 2639 873 2708; x_wconf 87' lang='lat' dir='ltr'>peccato·</span> <span class='ocrx_word' id='word_1_99' title='bbox 924 2576 1079 2677; x_wconf 64' lang='grc' dir='ltr'>σώματα</span> <span class='ocrx_word' id='word_1_100' title='bbox 1105 2577 1224 2657; x_wconf 64' lang='grc' dir='ltr'>κύνεια</span> <span class='ocrx_word' id='word_1_101' title='bbox 1243 2575 1334 2657; x_wconf 61' lang='grc' dir='ltr'>κατὰ</span> <span class='ocrx_word' id='word_1_102' title='bbox 1359 2574 1426 2677; x_wconf 66' lang='grc' dir='ltr'>Τὴν</span> 
     </span>
    </p>
   </div>
   <div class='ocr_carea' id='block_1_9' title="bbox 376 2714 1425 2877">
    <p class='ocr_par' dir='ltr' id='par_1_9' title="bbox 376 2714 1425 2877">
     <span class='ocr_line' id='line_1_20' title="bbox 707 2714 1425 2821; baseline 0.001 -26"><span class='ocrx_word' id='word_1_103' title='bbox 707 2798 714 2813; x_wconf 67' lang='lat'>‚</span> <span class='ocrx_word' id='word_1_104' title='bbox 925 2714 1098 2821; x_wconf 74' lang='grc' dir='ltr'>διάφορον</span> <span class='ocrx_word' id='word_1_105' title='bbox 1116 2714 1254 2794; x_wconf 85' lang='grc' dir='ltr'>κακίαν.</span> <span class='ocrx_word' id='word_1_106' title='bbox 1297 2714 1425 2811; x_wconf 72' lang='grc' dir='ltr'>Ἡμεῖς·</span> 
     </span>
     <span class='ocr_line' id='line_1_21' title="bbox 376 2797 875 2877; baseline -0.018 -14"><span class='ocrx_word' id='word_1_107' title='bbox 376 2825 451 2863; x_wconf 90' lang='lat' dir='ltr'>rum.</span> <span class='ocrx_word' id='word_1_108' title='bbox 493 2802 559 2861; x_wconf 89' lang='lat' dir='ltr'>Nos</span> <span class='ocrx_word' id='word_1_109' title='bbox 577 2820 647 2860; x_wconf 85' lang='lat' dir='ltr'>vero</span> <span class='ocrx_word' id='word_1_110' title='bbox 665 2818 715 2877; x_wconf 84' lang='lat' dir='ltr'>qur</span> <span class='ocrx_word' id='word_1_111' title='bbox 730 2797 787 2856; x_wconf 88' lang='lat' dir='ltr'>boc</span> <span class='ocrx_word' id='word_1_112' title='bbox 804 2816 875 2856; x_wconf 83' lang='lat' dir='ltr'>nus-</span> 
     </span>
    </p>
   </div>
   <div class='ocr_carea' id='block_1_10' title="bbox 926 2848 1420 2951">
    <p class='ocr_par' dir='ltr' id='par_1_10' title="bbox 926 2848 1420 2951">
     <span class='ocr_line' id='line_1_22' title="bbox 926 2848 1420 2951; baseline -0.008 -21"><span class='ocrx_word' id='word_1_113' title='bbox 926 2848 964 2930; x_wconf 82' lang='grc' dir='ltr'>δέ</span> <span class='ocrx_word' id='word_1_114' title='bbox 993 2855 1165 2950; x_wconf 77' lang='grc' dir='ltr'>μηδαμῶς</span> <span class='ocrx_word' id='word_1_115' title='bbox 1192 2858 1299 2929; x_wconf 84' lang='grc' dir='ltr'>τοῦτο</span> <span class='ocrx_word' id='word_1_116' title='bbox 1326 2849 1420 2951; x_wconf 82' lang='grc' dir='ltr'>εὑρί-</span> 
     </span>
    </p>
   </div>
   <div class='ocr_carea' id='block_1_11' title="bbox 375 2965 1422 3227">
    <p class='ocr_par' dir='ltr' id='par_1_11' title="bbox 375 2965 1422 3227">
     <span class='ocr_line' id='line_1_23' title="bbox 379 2965 876 3048; baseline -0.016 -17"><span class='ocrx_word' id='word_1_117' title='bbox 379 2990 465 3048; x_wconf 86' lang='lat' dir='ltr'>quam</span> <span class='ocrx_word' id='word_1_118' title='bbox 479 2980 598 3046; x_wconf 88' lang='lat' dir='ltr'>cautum</span> <span class='ocrx_word' id='word_1_119' title='bbox 611 2967 776 3027; x_wconf 84' lang='lat' dir='ltr'>invenimus</span> <span class='ocrx_word' id='word_1_120' title='bbox 789 2967 820 3025; x_wconf 89' lang='lat' dir='ltr'>in</span> <span class='ocrx_word' id='word_1_121' title='bbox 831 2965 876 3025; x_wconf 86' lang='lat' dir='ltr'>di.</span> 
     </span>
     <span class='ocr_line' id='line_1_24' title="bbox 375 3116 1422 3227; baseline -0.012 -35"><span class='ocrx_word' id='word_1_122' title='bbox 375 3132 444 3192; x_wconf 71' lang='lat' dir='ltr'>Vina</span> <span class='ocrx_word' id='word_1_123' title='bbox 471 3132 632 3211; x_wconf 69' lang='lat' dir='ltr'>Scriptura,</span> <span class='ocrx_word' id='word_1_124' title='bbox 658 3128 782 3188; x_wconf 69' lang='lat' dir='ltr'>dicimus</span> <span class='ocrx_word' id='word_1_125' title='bbox 805 3126 874 3204; x_wconf 67' lang='lat' dir='ltr'>quia</span> <span class='ocrx_word' id='word_1_126' title='bbox 924 3119 1042 3227; x_wconf 61' lang='grc' dir='ltr'>φαμὲν</span> <span class='ocrx_word' id='word_1_127' title='bbox 1054 3118 1108 3199; x_wconf 71' lang='grc' dir='ltr'>ὅτι</span> <span class='ocrx_word' id='word_1_128' title='bbox 1121 3116 1345 3201; x_wconf 69' lang='grc' dir='ltr'>κατάστασις</span> <span class='ocrx_word' id='word_1_129' title='bbox 1358 3128 1422 3196; x_wconf 69' lang='grc' dir='ltr'>λθ.</span> 
     </span>
    </p>
   </div>
   <div class='ocr_carea' id='block_1_12' title="bbox 374 3254 1423 3493">
    <p class='ocr_par' dir='ltr' id='par_1_12' title="bbox 374 3254 1423 3493">
     <span class='ocr_line' id='line_1_25' title="bbox 374 3254 1423 3383; baseline -0.023 -22"><span class='ocrx_word' id='word_1_130' title='bbox 374 3299 563 3383; x_wconf 87' lang='lat' dir='ltr'>permultam</span> <span class='ocrx_word' id='word_1_131' title='bbox 579 3300 647 3359; x_wconf 78' lang='lat' dir='ltr'>vitae</span> <span class='ocrx_word' id='word_1_132' title='bbox 664 3298 871 3379; x_wconf 78' lang='lat' dir='ltr'>negligentiam</span> <span class='ocrx_word' id='word_1_133' title='bbox 922 3291 1033 3359; x_wconf 70' lang='lat' dir='ltr'>&#39;7¹11th</span> <span class='ocrx_word' id='word_1_134' title='bbox 1033 3256 1095 3359; x_wconf 63' lang='grc' dir='ltr'>ἔρα</span> <span class='ocrx_word' id='word_1_135' title='bbox 1124 3254 1347 3353; x_wconf 68' lang='grc' dir='ltr'>μίταβᾶλλει</span> <span class='ocrx_word' id='word_1_136' title='bbox 1374 3256 1423 3337; x_wconf 71' lang='grc' dir='ltr'>εἶς·</span> 
     </span>
     <span class='ocr_line' id='line_1_26' title="bbox 922 3389 1422 3493; baseline -0.012 -23"><span class='ocrx_word' id='word_1_137' title='bbox 922 3390 1161 3493; x_wconf 76' lang='grc' dir='ltr'>ἀλογωτέραν·</span> <span class='ocrx_word' id='word_1_138' title='bbox 1205 3389 1245 3467; x_wconf 81' lang='grc' dir='ltr'>ἐκ</span> <span class='ocrx_word' id='word_1_139' title='bbox 1278 3390 1422 3486; x_wconf 77' lang='grc' dir='ltr'>πολλῆς</span> 
     </span>
    </p>
   </div>
   <div class='ocr_carea' id='block_1_13' title="bbox 373 3478 1421 3629">
    <p class='ocr_par' dir='ltr' id='par_1_13' title="bbox 373 3478 1421 3629">
     <span class='ocr_line' id='line_1_27' title="bbox 373 3478 1414 3561; baseline 0.004 -21"><span class='ocrx_word' id='word_1_140' title='bbox 373 3482 500 3542; x_wconf 85' lang='lat' dir='ltr'>bumana</span> <span class='ocrx_word' id='word_1_141' title='bbox 519 3478 676 3561; x_wconf 86' lang='lat' dir='ltr'>prudentia</span> <span class='ocrx_word' id='word_1_142' title='bbox 696 3498 762 3538; x_wconf 88' lang='lat' dir='ltr'>eum</span> <span class='ocrx_word' id='word_1_143' title='bbox 781 3479 872 3537; x_wconf 82' lang='lat' dir='ltr'>fuerit</span> <span class='ocrx_word' id='word_1_144' title='bbox 932 3528 941 3551; x_wconf 70' lang='grc'>,</span> <span class='ocrx_word' id='word_1_145' title='bbox 1046 3527 1056 3554; x_wconf 70' lang='grc'><em>,</em></span> <span class='ocrx_word' id='word_1_146' title='bbox 1159 3525 1211 3554; x_wconf 50' lang='grc' dir='ltr'>Η</span> <span class='ocrx_word' id='word_1_147' title='bbox 1308 3522 1318 3551; x_wconf 71' lang='lat' dir='ltr'>e</span> <span class='ocrx_word' id='word_1_148' title='bbox 1403 3518 1414 3544; x_wconf 54' lang='lat' dir='ltr'>r</span> 
     </span>
     <span class='ocr_line' id='line_1_28' title="bbox 920 3531 1421 3629; baseline -0.012 -25"><span class='ocrx_word' id='word_1_149' title='bbox 920 3531 1094 3629; x_wconf 77' lang='grc' dir='ltr'>ραθνμιας</span> <span class='ocrx_word' id='word_1_150' title='bbox 1114 3558 1173 3602; x_wconf 88' lang='grc' dir='ltr'>και</span> <span class='ocrx_word' id='word_1_151' title='bbox 1190 3532 1357 3621; x_wconf 61' lang='lat' dir='ltr'>apertae</span> <span class='ocrx_word' id='word_1_152' title='bbox 1377 3554 1421 3599; x_wconf 90' lang='grc' dir='ltr'>το</span> 
     </span>
    </p>
   </div>
   <div class='ocr_carea' id='block_1_14' title="bbox 374 3652 1421 3761">
    <p class='ocr_par' dir='ltr' id='par_1_14' title="bbox 374 3652 1421 3761">
     <span class='ocr_line' id='line_1_29' title="bbox 374 3652 1421 3761; baseline 0.003 -49"><span class='ocrx_word' id='word_1_153' title='bbox 374 3654 582 3734; x_wconf 74' lang='lat' dir='ltr'>incultamque</span> <span class='ocrx_word' id='word_1_154' title='bbox 595 3652 872 3735; x_wconf 80' lang='lat' dir='ltr'>neglecta,efficitur</span> <span class='ocrx_word' id='word_1_155' title='bbox 921 3668 1081 3739; x_wconf 62' lang='grc' dir='ltr'>Τοιοῦτον</span> <span class='ocrx_word' id='word_1_156' title='bbox 1106 3657 1318 3761; x_wconf 57' lang='grc' dir='ltr'>πάσχουσα,</span> <span class='ocrx_word' id='word_1_157' title='bbox 1354 3656 1421 3734; x_wconf 82' lang='grc' dir='ltr'>Ὁ.</span> 
     </span>
    </p>
   </div>
   <div class='ocr_carea' id='block_1_15' title="bbox 370 3788 1421 4440">
    <p class='ocr_par' dir='ltr' id='par_1_15' title="bbox 372 3788 1421 4022">
     <span class='ocr_line' id='line_1_30' title="bbox 372 3788 1421 3903; baseline -0.012 -23"><span class='ocrx_word' id='word_1_158' title='bbox 372 3822 870 3903; x_wconf 86' lang='lat' dir='ltr'>relutirrstionabilepecusperim-</span> <span class='ocrx_word' id='word_1_159' title='bbox 921 3794 1030 3891; x_wconf 71' lang='grc' dir='ltr'>μοι’ως</span> <span class='ocrx_word' id='word_1_160' title='bbox 1057 3788 1095 3872; x_wconf 65' lang='grc' dir='ltr'>δὲ</span> <span class='ocrx_word' id='word_1_161' title='bbox 1124 3794 1183 3871; x_wconf 76' lang='grc' dir='ltr'>καὶ</span> <span class='ocrx_word' id='word_1_162' title='bbox 1212 3788 1421 3893; x_wconf 73' lang='grc' dir='ltr'>ἄλογωτέρα</span> 
     </span>
     <span class='ocr_line' id='line_1_31' title="bbox 729 3944 1056 4022; baseline -0.003 -20"><span class='ocrx_word' id='word_1_163' title='bbox 729 3944 934 4022; x_wconf 77' lang='lat' dir='ltr'>Interpretatr&#39;o</span> <span class='ocrx_word' id='word_1_164' title='bbox 949 3944 1056 4002; x_wconf 83' lang='lat' dir='ltr'>Huetii.</span> 
     </span>
    </p>

    <p class='ocr_par' dir='ltr' id='par_1_16' title="bbox 370 4038 1420 4440">
     <span class='ocr_line' id='line_1_32' title="bbox 413 4038 1419 4120; baseline 0 -23"><span class='ocrx_word' id='word_1_165' title='bbox 413 4038 594 4098; x_wconf 81' lang='lat' dir='ltr'>Existiment</span> <span class='ocrx_word' id='word_1_166' title='bbox 612 4040 702 4118; x_wconf 88' lang='lat' dir='ltr'>igitur</span> <span class='ocrx_word' id='word_1_167' title='bbox 721 4041 770 4099; x_wconf 85' lang='lat' dir='ltr'>alii</span> <span class='ocrx_word' id='word_1_168' title='bbox 788 4042 819 4098; x_wconf 89' lang='lat' dir='ltr'>in</span> <span class='ocrx_word' id='word_1_169' title='bbox 839 4040 1052 4099; x_wconf 83' lang='lat' dir='ltr'>Ecclesiasticie</span> <span class='ocrx_word' id='word_1_170' title='bbox 1069 4042 1250 4099; x_wconf 86' lang='lat' dir='ltr'>sermonibus</span> <span class='ocrx_word' id='word_1_171' title='bbox 1264 4040 1419 4120; x_wconf 80' lang='lat' dir='ltr'>peregrini,</span> 
     </span>
     <span class='ocr_line' id='line_1_33' title="bbox 372 4120 1420 4201; baseline -0.002 -22"><span class='ocrx_word' id='word_1_172' title='bbox 372 4120 495 4179; x_wconf 87' lang='lat' dir='ltr'>transire</span> <span class='ocrx_word' id='word_1_173' title='bbox 515 4120 625 4179; x_wconf 87' lang='lat' dir='ltr'>animas</span> <span class='ocrx_word' id='word_1_174' title='bbox 646 4121 682 4179; x_wconf 88' lang='lat' dir='ltr'>ab</span> <span class='ocrx_word' id='word_1_175' title='bbox 701 4120 837 4180; x_wconf 89' lang='lat' dir='ltr'>humanis</span> <span class='ocrx_word' id='word_1_176' title='bbox 858 4121 1025 4201; x_wconf 81' lang='lat' dir='ltr'>corporibus</span> <span class='ocrx_word' id='word_1_177' title='bbox 1045 4122 1075 4179; x_wconf 88' lang='lat' dir='ltr'>in</span> <span class='ocrx_word' id='word_1_178' title='bbox 1094 4140 1215 4197; x_wconf 89' lang='lat' dir='ltr'>corpora</span> <span class='ocrx_word' id='word_1_179' title='bbox 1233 4121 1345 4189; x_wconf 82' lang='lat' dir='ltr'>canina,</span> <span class='ocrx_word' id='word_1_180' title='bbox 1366 4139 1420 4199; x_wconf 90' lang='lat' dir='ltr'>pro</span> 
     </span>
     <span class='ocr_line' id='line_1_34' title="bbox 371 4200 1420 4281; baseline -0.003 -23"><span class='ocrx_word' id='word_1_181' title='bbox 371 4200 451 4258; x_wconf 86' lang='lat' dir='ltr'>varia</span> <span class='ocrx_word' id='word_1_182' title='bbox 464 4200 635 4277; x_wconf 83' lang='lat' dir='ltr'>iniquitate:</span> <span class='ocrx_word' id='word_1_183' title='bbox 657 4220 710 4259; x_wconf 88' lang='lat' dir='ltr'>nos</span> <span class='ocrx_word' id='word_1_184' title='bbox 723 4222 793 4261; x_wconf 84' lang='lat' dir='ltr'>vero</span> <span class='ocrx_word' id='word_1_185' title='bbox 806 4203 837 4259; x_wconf 90' lang='lat' dir='ltr'>in</span> <span class='ocrx_word' id='word_1_186' title='bbox 852 4202 952 4260; x_wconf 84' lang='lat' dir='ltr'>diviua</span> <span class='ocrx_word' id='word_1_187' title='bbox 966 4202 1115 4281; x_wconf 85' lang='lat' dir='ltr'>Scriptura</span> <span class='ocrx_word' id='word_1_188' title='bbox 1129 4200 1159 4259; x_wconf 90' lang='lat' dir='ltr'>id</span> <span class='ocrx_word' id='word_1_189' title='bbox 1173 4200 1293 4259; x_wconf 86' lang='lat' dir='ltr'>minime</span> <span class='ocrx_word' id='word_1_190' title='bbox 1309 4200 1420 4279; x_wconf 87' lang='lat' dir='ltr'>reperi.</span> 
     </span>
     <span class='ocr_line' id='line_1_35' title="bbox 370 4280 1419 4361; baseline -0.002 -22"><span class='ocrx_word' id='word_1_191' title='bbox 370 4291 462 4347; x_wconf 85' lang='lat' dir='ltr'>entes,</span> <span class='ocrx_word' id='word_1_192' title='bbox 477 4281 702 4360; x_wconf 85' lang='lat' dir='ltr'>pronunciamus</span> <span class='ocrx_word' id='word_1_193' title='bbox 714 4282 828 4341; x_wconf 88' lang='lat' dir='ltr'>ratione</span> <span class='ocrx_word' id='word_1_194' title='bbox 841 4282 934 4360; x_wconf 80' lang='lat' dir='ltr'>magis</span> <span class='ocrx_word' id='word_1_195' title='bbox 954 4280 1113 4361; x_wconf 89' lang='lat' dir='ltr'>pollentem</span> <span class='ocrx_word' id='word_1_196' title='bbox 1128 4280 1367 4340; x_wconf 82' lang='lat' dir='ltr'>constitutionem</span> <span class='ocrx_word' id='word_1_197' title='bbox 1388 4280 1419 4337; x_wconf 89' lang='lat' dir='ltr'>in</span> 
     </span>
     <span class='ocr_line' id='line_1_36' title="bbox 371 4358 1417 4440; baseline -0.002 -21"><span class='ocrx_word' id='word_1_198' title='bbox 371 4371 517 4420; x_wconf 86' lang='lat' dir='ltr'>carentem</span> <span class='ocrx_word' id='word_1_199' title='bbox 535 4362 627 4440; x_wconf 81' lang='lat' dir='ltr'>magis</span> <span class='ocrx_word' id='word_1_200' title='bbox 644 4362 757 4422; x_wconf 86' lang='lat' dir='ltr'>ratione</span> <span class='ocrx_word' id='word_1_201' title='bbox 770 4362 888 4433; x_wconf 88' lang='lat' dir='ltr'>mutari,</span> <span class='ocrx_word' id='word_1_202' title='bbox 904 4380 941 4421; x_wconf 86' lang='lat' dir='ltr'>ex</span> <span class='ocrx_word' id='word_1_203' title='bbox 954 4381 1058 4439; x_wconf 83' lang='lat' dir='ltr'>magna</span> <span class='ocrx_word' id='word_1_204' title='bbox 1076 4380 1181 4439; x_wconf 86' lang='lat' dir='ltr'>nempe</span> <span class='ocrx_word' id='word_1_205' title='bbox 1200 4360 1315 4439; x_wconf 85' lang='lat' dir='ltr'>ignavia</span> <span class='ocrx_word' id='word_1_206' title='bbox 1329 4372 1359 4418; x_wconf 88' lang='lat' dir='ltr'>et</span> <span class='ocrx_word' id='word_1_207' title='bbox 1373 4358 1417 4417; x_wconf 89' lang='lat' dir='ltr'>in·</span> 
     </span>
    </p>
   </div>
   <div class='ocr_carea' id='block_1_16' title="bbox 0 0 1626 5150">
    <p class='ocr_par' dir='ltr' id='par_1_17' title="bbox 0 0 1626 5150">
     <span class='ocr_line' id='line_1_37' title="bbox 0 0 1626 5150; baseline 0 3"><span class='ocrx_word' id='word_1_208' title='bbox 0 0 1626 5150; x_wconf 95' lang='lat' dir='ltr'> </span> 
     </span>
    </p>
   </div>
  </div>
 </body>
</html>
