3242 5150
318 384 505 448 CONCIL.
528 387 953 452 NEOCAESARIENSIS
978 388 1207 452 CANONES.
1234 391 1296 450 185

242 555 286 632 οὐ
301 555 460 634 δύναται·
492 559 555 637 οὐκ
574 561 612 637 ἐκ
628 560 871 661 προαιρέσεως
889 558 961 660 γὰρ
980 560 1002 656 ἡ
1028 561 1151 642 πίστις
1176 559 1295 652 αὑτοῦ,

242 691 329 766 ἀλλ’
349 690 393 794 ἐξ
415 689 584 792 ἀνάγκης.
615 698 643 769 εἱ
670 692 721 791 μὴ
748 691 843 796 τόχα
876 691 933 772 διὰ
964 691 1030 790 τὴν
1062 690 1153 787 μετὰ
1182 700 1295 770 ταῦτα

242 824 352 902 αὐτοῦ
369 825 535 923 σπονδὴν
554 830 611 905 καὶ
629 830 763 922 πίστιν,
776 832 837 907 καὶ
856 826 914 907 διὰ
932 824 1066 906 σπάνιν
1085 825 1294 928 ἀνθρώπων.

628 1111 811 1187 ΚΑΝΩΝ
844 1113 905 1188 ΙΓ.

221 1275 235 1332 5
298 1263 509 1366 Ἐπιχῶριοι
527 1265 766 1369 πρεσβύτεροι
777 1272 816 1346 ἐν
829 1274 880 1374 τῷ
896 1273 1063 1373 Κυριακφ
1078 1272 1142 1365 τῆς
1153 1267 1295 1350 πόλεως

244 1398 461 1502 προσφέρειν
479 1401 522 1478 οὐ
541 1399 718 1500 δόναντπι,
736 1404 912 1503 παρόντος
931 1399 1165 1506 ἐπισκόπονῆ
1181 1435 1295 1502 πρεσ-

243 1530 402 1630 βυτέριον
428 1530 579 1629 πόλεως,
608 1536 688 1612 οὔτε
716 1533 788 1634 μὴν
820 1535 930 1638 ἄρτον
961 1535 1094 1613 δίδοναι
1126 1537 1165 1613 ε’ν
1196 1537 1293 1638 εὐχῇ,

244 1665 322 1744 οὐδὲ
344 1665 526 1767 ποτήριον.
565 1669 626 1748 ἐὰν
652 1669 689 1749 δὲ
715 1675 848 1765 ἀπῶσι,
874 1673 932 1750 καὶ
955 1676 1005 1754 εὶς
1028 1668 1134 1773 εὐχὴν
1162 1675 1292 1774 κληθῇ,

244 1799 349 1898 μόνος
370 1801 440 1896 (for.
451 1802 580 1906 μόνον)
601 1806 758 1886 δίδωσιν.
817 1810 867 1884 Oi
886 1803 924 1882 δὲ
943 1805 1293 1908 χωρεπίσκοποιεὶσὶ

200 1933 309 2032 ιομέν
326 1942 373 2020 εἰς
391 1935 505 2016 τόπον
524 1943 595 2016 τῶν
613 1936 870 2036 ἑβδομήκοντα·
903 1941 950 2020 ὡς
964 1937 1001 2016 δὲ
1012 1939 1291 2039 σνλλειτονργοὶ

243 2068 302 2148 διὰ
318 2068 384 2170 τὴν
401 2070 567 2169 σπουδὴν
585 2070 653 2172 τὴν
670 2079 718 2156 εἰς
741 2072 825 2157 τοὺς
845 2069 1019 2176 πτωχοὺς,
1038 2072 1293 2178 προσφέρουσι

243 2204 443 2301 τιμώμενοι.

625 2444 809 2518 ΚΑΝΩΝ
840 2444 905 2518 ΙΔ.

297 2624 465 2705 Διόκονοι
484 2626 573 2706 ἔπτὰ
592 2628 806 2729 ὀφείλουσιν
833 2622 920 2702 εἶναι
945 2622 1034 2700 κατὰ
1056 2622 1120 2700 τόν
1146 2619 1288 2716 κανόνα,

197 2794 230 2851 ¹5
242 2755 306 2864 κᾷν
323 2757 417 2840 πάνυ
435 2762 578 2861 μεγάλη
597 2761 649 2858 εἴη
669 2757 826 2859 ἡπόλις.
857 2755 1042 2860 πεισθήσῃ
1065 2753 1103 2834 δὲ
1127 2752 1199 2833 ἀπὸ
1223 2759 1288 2852 τῆς

239 2894 374 2987 βίβλου
392 2902 464 2974 τῶν
481 2894 659 3002 πράξεων.

240 3200 346 3278 hyterii
360 3222 418 3259 non
439 3214 537 3281 potest
554 3204 734 3282 promoveri:
787 3202 875 3268 erint,
890 3200 971 3260 etad
987 3198 1110 3258 dandum
1126 3194 1286 3253 orationem

240 3281 318 3357 quod
341 3302 399 3339 nou
424 3303 457 3341 ex
486 3284 636 3361 proposito
664 3283 737 3341 tides
788 3293 938 3347 vocentur,
961 3280 1013 3338 soli
1036 3278 1105 3336 dure
1127 3273 1287 3333 debebunt.

240 3361 313 3437 ejus,
323 3362 373 3419 sed
388 3382 425 3420 ex
436 3364 607 3421 necessitate
617 3363 736 3421 descen.
787 3360 995 3440 Chorepiscopi
1010 3377 1127 3435 quoque
1138 3354 1175 3412 sd
1189 3373 1288 3411 exem·

192 3440 302 3498 sodis:
324 3443 380 3499 nisi
394 3444 470 3501 forte
482 3454 602 3521 propter
613 3464 736 3519 sequens
787 3442 868 3520 plum
882 3440 999 3518 quidem
1022 3450 1053 3496 et
1069 3438 1192 3493 formam
1209 3436 1283 3510 Sep·

239 3520 369 3579 studium
392 3523 455 3600 ejus
477 3534 507 3580 et
531 3523 626 3589 fidem,
648 3534 736 3600 atque
787 3523 920 3598 tungiuts
928 3520 1065 3577 videntur
1075 3535 1150 3575 esse:
1165 3525 1198 3571 ut
1207 3533 1285 3605 coru·

239 3600 388 3660 hominum
410 3603 568 3669 raritatem,
583 3602 650 3661 telis
669 3624 735 3683 pos·
786 3600 911 3659 ministri
930 3610 1038 3667 sutem,
1054 3605 1173 3674 propter
1192 3593 1287 3652 studi-

144 3687 156 3703 “
236 3680 277 3738 sit
291 3680 416 3741 admitti.
787 3701 837 3738 um
851 3678 930 3757 quod
949 3699 1016 3756 erga
1037 3694 1179 3753 pauperes
1201 3673 1284 3732 exhi·

353 3826 506 3885 CANQN
528 3828 610 3885 Xffl
785 3761 868 3827 bem,
883 3761 1072 3817 honorentur.

191 3941 227 3997 25
281 3920 446 4000 Presbyteri
468 3924 543 3981 ruris
564 3924 594 3979 in
616 3922 737 3981 ecclesis
904 3900 1056 3962 CANON
1078 3897 1169 3957 XIV·

238 4000 373 4067 civitatis,
385 4003 522 4081 episcopo
534 4016 676 4081 proesente
687 4001 736 4059 vel
828 3999 953 4057 Disconi
967 4008 1076 4072 septem
1097 3992 1204 4051 debent
1221 4010 1284 4049 esse

236 4082 413 4159 presbyteris
428 4082 735 4160 urbisipsius‚offerre
782 4080 871 4157 juxto
893 4077 1032 4157 regulam.
1054 4074 1179 4165 licetet
1203 4068 1284 4127 valde

234 4180 295 4216 non
308 4172 441 4238 possunt.
457 4181 511 4220 neo
530 4182 631 4239 penem
651 4181 733 4219 suno·
786 4180 889 4236 magns
904 4160 942 4217 sit
957 4157 1068 4215 civitns.
1092 4153 1285 4242 ldrpsunrsu·

235 4239 378 4297 tifiestum
391 4241 468 4306 dore,
482 4242 658 4318 calicemque
668 4262 734 4319 por.
785 4251 843 4297 tem
866 4241 995 4297 Aetuum
1016 4231 1225 4314 Apostolorum
1246 4226 1282 4285 11·

185 4340 227 4395 30
237 4319 340 4396 rigere.
365 4321 399 4378 Si
414 4341 480 4379 vero
494 4322 627 4379 absentes
641 4322 670 4378 hi
685 4322 733 4377 fu·
784 4320 836 4378 ber
850 4319 989 4376 insinuat.

280 4435 346 4475 von.
362 4437 403 4478 ιν.
839 4436 857 4475 s
870 4412 893 4476 b
