3242 5150
279 399 329 461 IN
354 397 573 462 CANONES
596 401 844 465 ANCYRAN.
869 402 934 466 ET
959 405 1164 471 NEOCAES.
1198 409 1264 478 219

211 571 240 626 in
256 575 368 646 portem
388 565 588 626 sollicitudinis
609 568 894 649 archiepiscopium
916 570 947 629 in
970 570 1175 649 plenitudinem
1197 584 1261 654 pot·

211 663 319 730 estatis,
335 673 369 722 ut
384 663 425 721 ait
439 663 628 742 Lyndwodus
642 675 742 724 noster
756 665 786 722 in
803 666 939 726 Provinc.
955 667 1039 727 libi.
1056 669 1092 728 de
1110 671 1262 730 Constitu-

210 760 340 820 tiouibus
364 760 477 818 sobrii.
502 761 552 819 sed
575 761 765 821 nihilominus
789 763 962 841 suffraganei
987 766 1075 824 etiam
1098 766 1168 826 dicti
1194 780 1264 827 sunt

211 857 348 938 episcopi,
364 858 413 934 qui
428 857 491 916 aliis
506 857 648 937 episcopis
661 859 889 937 provincialibus
904 860 1081 932 astiterunt3
1106 861 1264 941 dequibus

211 955 322 1014 editum
346 966 390 1013 est
412 965 555 1014 statutum
575 955 713 1015 vicesimo
727 968 811 1016 sexto
830 978 907 1016 auno
927 957 1049 1016 Henrici
1069 960 1183 1028 octavir
1204 981 1263 1038 quo

211 1050 298 1110 etiam
313 1051 461 1110 decretum
476 1063 531 1119 est,
547 1063 581 1110 ut
599 1053 629 1109 in
645 1052 749 1130 viginti
764 1053 858 1112 tribus
876 1053 949 1112 locis
968 1053 1075 1112 ibidem
1096 1056 1261 1124 nominatis,

210 1147 304 1226 iisque
326 1148 405 1218 solis,
431 1149 607 1228 suffraganei
630 1151 759 1229 episcopi
786 1151 1012 1220 constituantur,
1038 1161 1130 1229 utque
1157 1153 1200 1211 illi
1226 1154 1262 1213 ab

210 1245 424 1325 archiepiscopo
444 1257 475 1304 et
498 1246 612 1305 duobus
636 1246 779 1325 episcopis
796 1259 1001 1307 consecrentur
1011 1271 1020 1320 ς
1042 1250 1084 1306 ita
1103 1260 1212 1317 nmen.
1227 1261 1262 1309 ut

211 1341 310 1400 nullus
334 1362 434 1402 eorum
456 1342 566 1421 aliquid
589 1343 635 1402 vel
652 1344 757 1402 habeat
778 1344 825 1403 vel
846 1345 935 1403 faciat
954 1346 1070 1424 proprie
1088 1346 1261 1425 episcopale,

210 1439 267 1498 nisi
285 1439 365 1518 quod
385 1441 413 1499 ei
432 1461 597 1500 concessum
613 1441 703 1500 fuerit
717 1441 753 1500 ab
771 1442 909 1521 episcopo
929 1442 1018 1511 urbis,
1041 1442 1072 1499 in
1091 1440 1176 1518 cujus
1195 1463 1261 1522 par.

209 1539 291 1604 oecia,
306 1538 361 1604 rel,
377 1547 411 1596 ut
425 1537 513 1615 vulgo
527 1535 683 1615 loquimur,
698 1537 815 1596 dioecesi
832 1539 1010 1598 constitutus
1020 1550 1074 1598 est.
1117 1539 1159 1598 Et
1172 1540 1262 1617 hujus

210 1653 279 1692 sane
292 1635 405 1712 generis
420 1635 570 1714 episcopos
581 1644 693 1693 veteres
703 1635 924 1715 chorepiscopos
934 1636 1026 1694 fuisse
1037 1634 1258 1694 contendimus:

209 1731 260 1809 qui
275 1731 411 1790 nimirum
427 1751 485 1790 non
496 1751 579 1790 secus
589 1752 622 1790 ac
635 1731 685 1790 alii
696 1732 825 1812 episcopi
838 1735 996 1793 consecrati
1011 1744 1089 1801 suut,
1102 1743 1132 1791 et
1143 1753 1258 1793 omnem

209 1827 401 1908 episcopalem
430 1839 604 1908 potestatem
633 1829 687 1888 sibi
720 1830 915 1893 concreditam
944 1831 1129 1900 habuerunt;
1172 1849 1259 1906 quam

209 1936 306 1984 tumen
320 1945 455 1986 exercere
468 1947 527 1984 nun
548 1937 718 2005 potuerunt,
733 1927 789 1986 nisi
809 1927 997 2005 inquantum
1015 1924 1168 2000 episcopus
1187 1923 1260 1982 dioe.

209 2041 316 2088 caseos,
331 2043 389 2100 qua
409 2023 564 2082 constituti
585 2035 663 2093 sunt,
686 2024 722 2082 iis
742 2023 916 2103 permiserit.
961 2020 1084 2080 Etiamsi
1105 2021 1182 2080 enim
1202 2040 1261 2079 una

209 2139 274 2177 cum
289 2120 444 2199 episcopali
460 2120 674 2180 consecratione
689 2121 852 2180 universnm
868 2121 955 2180 etiam
967 2117 1179 2197 episcopalibus
1189 2116 1259 2176 iuu-

207 2216 295 2294 gendi
308 2217 478 2278 muneribus
492 2218 678 2277 autoritatem
692 2219 872 2297 accepissent
880 2240 890 2288 3
912 2238 947 2276 eo
961 2229 1070 2281 tamen,
1084 2214 1164 2292 quod
1178 2213 1260 2273 nulla

208 2313 340 2374 dioecesis
354 2314 390 2373 iis
404 2315 547 2393 assignata
561 2325 614 2382 est,
629 2315 679 2374 sed
694 2316 725 2372 in
740 2315 835 2375 alienu
847 2335 933 2394 agere
948 2312 1040 2372 coacti
1058 2322 1137 2377 suut,
1152 2311 1259 2370 rationi

208 2422 433 2470 consentaneum
455 2423 550 2472 estet
571 2414 729 2474 canonibus
750 2413 903 2478 sancitum.
925 2421 960 2469 ut
980 2408 1152 2468 exercitium
1173 2408 1259 2466 istius

207 2507 373 2566 autoritatis
386 2507 422 2568 ad
441 2509 593 2568 arbitrium
611 2511 697 2569 istius
715 2512 844 2592 episcopi
861 2509 1095 2585 restringeretur,
1111 2505 1195 2582 cujus
1212 2526 1258 2564 so·

207 2603 265 2662 lius
279 2624 355 2663 curre
368 2616 399 2664 et
413 2605 602 2666 sollicitudini
622 2609 679 2669 ista
692 2608 823 2669 dioecesis
836 2608 989 2668 commissa
1007 2614 1060 2663 est.
1105 2602 1217 2661 Verum
1233 2604 1257 2661 si

207 2702 258 2778 qui
277 2722 377 2761 eorum
396 2704 580 2788 presbyteros
598 2707 686 2765 etiam
706 2718 736 2765 et
756 2704 901 2770 diaconos,
917 2700 1084 2762 inconsulto
1102 2699 1258 2761 dioeceseos

206 2799 352 2879 episcopo,
373 2800 507 2861 ordinare
527 2803 725 2873 tentaverint3
752 2803 806 2881 ipsi
827 2800 944 2879 quidem
969 2818 1070 2879 poenas
1092 2796 1185 2867 lumb
1207 2798 1257 2857 Sed

206 2896 352 2955 ordinatio
378 2898 568 2957 nihilominus
592 2898 687 2958 valida
712 2910 855 2979 perpetuo
879 2898 979 2957 habita
1001 2896 1079 2967 fuit3
1112 2894 1256 2971 siquidem

207 3004 336 3072 potestas
356 2995 519 3062 ordinandi,
536 3016 593 3053 non
616 3016 652 3055 ex
674 2996 830 3056 dioeceseos
849 2995 1053 3073 assignatione,
1068 2994 1119 3053 sed
1138 3013 1176 3051 ex
1194 2993 1258 3071 epi.

207 3090 313 3169 scopeli
329 3091 511 3152 ordinatione
525 3093 561 3151 ab
575 3092 611 3151 iis
624 3105 758 3173 suscepta
769 3093 924 3173 dependet.
953 3090 1001 3150 Ac
1010 3090 1133 3171 proinde
1144 3090 1257 3149 etiamsi

207 3188 404 3267 chorepiscopi
419 3190 449 3246 in
464 3190 599 3269 praesenti
614 3210 723 3249 cunone
737 3190 864 3267 alibique
878 3190 1063 3269 presbyteros
1076 3198 1107 3246 et
1121 3186 1258 3244 diaconos

207 3284 279 3343 citra
300 3286 381 3344 urbis
394 3286 522 3366 episcopi
541 3288 759 3366 permissionem
778 3287 913 3345 ordinare
933 3286 1160 3366 prohibeantur:
1183 3302 1257 3360 quos

207 3390 305 3439 tamen
323 3381 505 3448 ordinarunt,
526 3385 710 3464 presbyteros
734 3396 785 3443 aut
807 3384 944 3443 diaconos
964 3403 1023 3441 non
1042 3402 1114 3451 esse,
1136 3400 1188 3438 nec
1209 3380 1257 3438 bic

207 3497 261 3536 nec
274 3478 342 3537 alibi
357 3479 464 3538 dicitur
471 3503 481 3551 ;
507 3480 557 3540 sed
569 3483 735 3559 quicunque
750 3482 786 3540 ab
804 3481 840 3540 iis
858 3481 984 3540 ordinati
1003 3490 1083 3547 sunt,
1098 3479 1176 3537 inter
1190 3496 1258 3539 vere

206 3572 355 3635 ordinatos
368 3590 510 3656 perpetuo
524 3579 651 3659 reputati
663 3580 792 3638 fuerunt.
818 3580 1042 3637 Bavaasurus.

607 3821 760 3881 CANON
781 3820 854 3879 XV.

248 3939 282 3998 P.
299 3959 364 3999 122.
378 3940 398 3999 l.
410 3961 440 4018 9.
456 3948 521 4017 ssepi
534 3950 587 4003 riso
600 3946 776 4019 διαφερόντων
791 3950 829 4021 τῷ
846 3949 956 4020 rvpsurq‘r
969 3944 1034 4017 δια]
1053 3941 1122 3999 Vox
1137 3942 1256 4013 κυριακὸν

205 4039 261 4097 boe
282 4038 313 4095 in
331 4036 396 4097 loco
410 4039 566 4119 Templum
583 4042 711 4101 Domino
726 4042 850 4119 Deoque
869 4052 969 4098 nostro
983 4046 1181 4098 consecratum
1197 4035 1256 4112 sig-

205 4133 315 4197 nificat.
359 4135 409 4194 Sic
422 4138 510 4195 etiam
524 4150 710 4219 usurpatura
724 4138 857 4197 Concilio
868 4132 1254 4204 Neocmsariensi‚1(arqxol·

204 4255 280 4304 μενος
293 4236 339 4291 ἐὰν
352 4236 535 4308 εἰσερχόμενοι
548 4238 585 4293 els
597 4240 724 4311 κυριακόν.
739 4256 800 4294 can.
812 4252 840 4312 5.
871 4235 918 4293 Sic
931 4233 1018 4292 etiam
1035 4228 1169 4310 Synodus
1178 4229 1254 4284 Lao·

205 4328 317 4401 dicent,
332 4333 360 4387 ἐν
377 4335 433 4391 τοῖς
451 4337 578 4407 κυριιικοῖς
596 4334 611 4403 ἢ
633 4336 660 4391 ἐν
680 4337 736 4391 coir
756 4334 912 4404 ἐκκλησίαις.
940 4330 1012 4409 Syn.
1024 4327 1114 4387 Laod.
1132 4345 1193 4383 cau.
1207 4323 1254 4382 28.

713 4428 796 4495 eft
