3242 5150
393 363 456 424 128
738 359 1089 424 ANNOTATIONES

393 549 467 594 nam
483 535 653 613 utrumque
668 528 813 593 habitum
828 529 933 606 luisse,
951 549 1024 593 cum
1037 529 1140 593 multa
1157 529 1221 594 alia
1239 538 1442 614 ameum,

392 638 461 694 tum
473 651 548 694 vero
562 629 647 695 tituli
665 629 807 715 ipsorum
826 630 1039 708 vetustissimi,
1056 632 1239 696 ostendunt.
1283 631 1443 708 Parrasi

390 731 639 815 subscriptiones
650 731 881 815 episcoporum,
893 752 964 816 quoe
975 731 1008 795 in
1022 731 1146 796 Latinis
1156 754 1313 796 canonum
1327 732 1441 798 collec-

388 831 530 896 tionibus
545 841 619 917 post
634 832 765 896 concilia
780 833 893 918 positae
912 840 998 908 sunt,
1013 855 1142 917 prorsus
1159 841 1256 897 certae
1278 855 1317 897 ac
1337 833 1441 898 firmoe

388 932 594 1011 haberentur,
609 935 694 1018 quod
710 934 838 1018 quidem
852 934 892 997 de
906 933 967 998 illis
985 944 1092 1018 negat,
1106 941 1175 998 tam
1191 934 1276 999 Heu.
1294 935 1441 999 Valesius

387 1033 419 1095 in
439 1033 565 1098 Basilii
594 1036 675 1112 Vita,
699 1057 794 1119 quam
817 1043 986 1100 antaeum
1010 1036 1197 1100 Edmundus
1219 1035 1386 1099 Richcrius
1405 1037 1440 1100 in

384 1135 466 1199 Hist.
482 1136 594 1200 Ocacil.
613 1137 820 1215 Generatim,
833 1138 893 1202 vol.
906 1139 934 1202 1.
947 1138 1000 1202 lib.
1013 1139 1033 1201 i.
1045 1161 1115 1223 cap.
1129 1157 1158 1202 2.
1172 1144 1196 1218 §-
1205 1161 1237 1219 4.
1252 1145 1440 1202 constarent

383 1235 452 1301 haec
461 1238 525 1301 duo
537 1239 670 1303 eoncilia
682 1240 715 1302 in
724 1239 913 1324 pontificatu
922 1240 1037 1304 Vitalis
1042 1240 1234 1305 Antiochcni
1243 1239 1440 1316 convenisse,

384 1339 439 1424 qui
454 1339 538 1404 iuter
553 1341 718 1425 utriusque
734 1341 846 1427 synodi
861 1343 1012 1426 praesules
1026 1342 1162 1427 primum
1176 1341 1281 1404 locum
1300 1339 1437 1404 obtinet.

385 1440 444 1506 Ille
459 1451 568 1506 autem
583 1443 749 1528 episcopus
763 1441 825 1506 suit
842 1444 884 1506 ab
906 1464 991 1507 anno
1014 1463 1088 1528 313·
1110 1443 1153 1507 ad
1173 1464 1272 1526 usque
1291 1464 1343 1506 an.
1358 1461 1438 1526 3¹9·

384 1541 479 1606 Oerte
501 1550 578 1608 ante
599 1543 762 1607 Nicoenum
781 1543 927 1607 habitum
943 1544 1110 1608 concilium
1124 1551 1320 1608 successerat
1336 1543 1437 1607 vitati

385 1643 417 1706 S.
434 1643 652 1728 Philogonius‚
680 1651 763 1708 teate
788 1644 984 1708 Theodorito
1006 1646 1089 1709 Hac.
1114 1645 1198 1709 Eccl.
1222 1645 1277 1708 lib.
1304 1645 1324 1708 i.
1350 1667 1378 1707 c.
1402 1663 1435 1728 3.

385 1747 619 1831 Argumentum
631 1746 754 1812 interca
763 1746 933 1812 vetustatis
942 1747 1058 1812 omitto
1072 1769 1113 1812 ex
1121 1746 1241 1822 Basilii,
1253 1747 1286 1812 iu
1297 1753 1436 1831 utraque

383 1847 505 1930 syuodo
536 1850 709 1931 Ancyrana
741 1868 779 1910 ac
809 1846 1057 1911 Neocaesarisnsi
1085 1847 1242 1932 praesulis,
1267 1848 1435 1931 martyrio,

382 1948 422 2011 de
445 1956 590 2032 tempore
614 1947 697 2010 enim
723 1948 791 2032 ejus
814 1947 1012 2032 disputatum
1038 1957 1098 2014 est.
1142 1949 1435 2033 Subscriptionibus

381 2057 501 2126 autem,
520 2071 591 2133 quae
613 2057 687 2135 post
705 2049 846 2116 (loncilia
868 2049 982 2115 Latine
1001 2071 1093 2115 versa
1112 2050 1225 2136 positae
1245 2056 1330 2127 sunt,
1349 2071 1435 2114 nunc

381 2150 534 2232 majorem
545 2149 640 2213 fidem
652 2151 833 2217 conciliabit
844 2151 1021 2237 catalogus
1032 2154 1178 2216 niaximae
1191 2151 1293 2235 partis
1303 2157 1434 2235 patrum

383 2249 595 2329 Nicanorem,
626 2273 720 2335 quam
745 2274 785 2316 ex
818 2254 1068 2318 Collactanccm
1097 2253 1255 2317 Theodori
1288 2252 1433 2317 Lentonis

380 2351 495 2416 Codice
511 2351 639 2417 Veneto
653 2353 753 2418 edidit
767 2355 804 2418 cl.
823 2355 988 2420 Morellius
1003 2355 1035 2419 in
1050 2353 1238 2418 Bibliotheca
1255 2376 1314 2420 sua
1331 2355 1434 2419 Maec

382 2455 491 2516 &aaa
512 2463 539 2517 st
561 2454 633 2518 Lat.
656 2477 687 2538 p.
712 2474 785 2539 225.
807 2464 842 2522 et
863 2457 965 2521 deinc.
1010 2457 1163 2541 Ejusdem
1185 2477 1260 2520 vero
1281 2456 1432 2542 Gatalogi

378 2556 503 2621 initium
526 2574 638 2623 extare
662 2557 828 2623 Morellius
849 2559 983 2636 monuit,
1007 2558 1039 2623 in
1062 2557 1204 2623 Socratis
1224 2557 1279 2622 lib.
1294 2557 1316 2622 i.
1331 2580 1360 2621 c.
1380 2578 1430 2643 ¹3·

378 2660 432 2722 ubi
448 2661 606 2743 proditur,
621 2660 780 2745 integrum
796 2661 883 2725 illum
904 2662 1058 2725 insertum
1077 2660 1174 2723 inissa
1189 2661 1232 2723 ab
1249 2660 1431 2724 Athanasio

379 2761 600 2825 Alexandrino
615 2762 647 2825 iu
660 2762 810 2844 Synodico
825 2784 882 2826 suo
897 2785 982 2827 nunc
996 2762 1171 2847 deperdito.
1233 2761 1370 2845 Insuper
1382 2762 1432 2825 vir

377 2860 417 2923 cl.
432 2861 488 2936 ait,
504 2861 644 2924 omnium
659 2863 712 2945 qui
728 2862 806 2926 editi
821 2870 896 2926 sunt
912 2862 1100 2925 Latinorum
1120 2859 1337 2944 catalogorum
1356 2860 1431 2925 haio

378 2962 491 3025 Gnaeco
506 2963 685 3046 pracsertim
700 2963 787 3027 illum
808 2964 1012 3047 respondere,
1027 2982 1121 3045 quom
1136 2960 1158 3023 J
1160 2960 1291 3025 ustellus
1310 2961 1431 3045 primus

377 3063 410 3126 in
425 3062 526 3127 lucem
541 3064 635 3128 eruit.
662 3063 708 3128 Et
722 3085 808 3141 vcro,
825 3071 980 3147 quantum
994 3085 1054 3147 ego
1069 3063 1170 3137 video,
1182 3062 1266 3126 alter
1275 3084 1316 3125 cx
1327 3062 1431 3127 altero

377 3166 549 3249 saepissime
571 3164 744 3241 emendari,
766 3165 926 3229 interdum
949 3165 1047 3229 etiam
1069 3163 1208 3249 suppleri
1228 3171 1348 3249 potest,
1372 3166 1429 3229 sed

376 3267 515 3331 maxime
531 3265 666 3331 Latinus
681 3287 720 3329 ex
737 3266 860 3330 Graeco.

422 3368 458 3431 P.
483 3387 550 3451 ¹¹3·
566 3368 587 3429 l.
604 3388 635 3446 4.
659 3367 793 3433 Κάνονες
809 3372 869 3428 τῶν
892 3367 927 3429 ἐν
943 3364 1074 3450 Ἀγκύρᾳ
1093 3365 1167 3449 &c.]
1193 3364 1318 3430 Extant
1340 3366 1430 3431 tituli

376 3467 501 3530 duabus
516 3466 566 3529 his
581 3467 708 3551 synodis
724 3465 966 3530 Ante-Nicaenis
980 3466 1104 3550 praefixi
1121 3467 1154 3528 iu
1175 3466 1334 3551 plerisque
1353 3468 1428 3532 edd.

375 3576 474 3651 atquc
489 3568 615 3651 scriptis
634 3590 736 3652 parva
759 3590 831 3630 cum
850 3567 1007 3630 varietate
1025 3567 1190 3640 lectionis3
1222 3569 1279 3631 ssd
1298 3568 1332 3631 in
1350 3570 1429 3632 lcm·

376 3676 462 3732 mate
489 3692 548 3753 ego
570 3669 826 3733 Neocaesaream
851 3668 978 3751 quidem
1007 3670 1138 3732 Consilii
1162 3669 1304 3732 nonnihil
1327 3670 1429 3734 disce·

374 3770 512 3832 dendum
532 3792 600 3833 esse
622 3772 664 3833 ab
682 3769 852 3833 Harduina
873 3768 1076 3832 Concilio-tim
1089 3770 1239 3846 editione,
1254 3769 1318 3832 lide
1330 3769 1429 3833 libro-

373 3892 443 3933 rum
471 3871 758 3956 manuscriptorum
791 3872 884 3933 nixus
910 3870 1060 3953 judicavi.
1119 3871 1200 3934 Cum
1228 3892 1306 3934 vero
1332 3893 1428 3955 argu-

372 3981 515 4035 mentum
537 3992 595 4054 pro
617 3992 741 4034 summa
764 3971 959 4054 antiquitate
981 3971 1108 4037 Codicis
1129 3972 1296 4035 Ganonum
1317 3971 1428 4035 Eccle-

372 4072 439 4146 siae,
462 4072 494 4133 iu
517 4092 580 4155 quo
605 4072 637 4133 hi
664 4093 802 4135 canones
827 4072 973 4136 collocati
997 4084 1083 4150 sunt,
1109 4096 1149 4137 ex
1174 4073 1286 4136 iisdem
1310 4071 1425 4147 titulis,

373 4194 427 4235 seu
457 4172 669 4248 lemmatibus,
701 4172 880 4236 ducendum
909 4184 1004 4249 esset,
1034 4176 1102 4238 haeo
1132 4174 1206 4238 olim
1236 4174 1362 4259 scripsit
1390 4175 1426 4239 in

372 4272 507 4357 epistola
526 4273 567 4336 ad
591 4292 740 4357 magnum
764 4272 932 4335 Ueserium
949 4275 1075 4339 Samuel
1092 4276 1237 4339 Wardus
1251 4274 1426 4338 Cantabri·
