3242 5150
326 299 377 362 IN
403 299 435 361 S.
457 298 604 362 PE'l'Rl
628 297 774 362 ALEX.
799 297 1119 361 FRAGMENTA.
1207 296 1247 362 61

189 493 211 534 a
228 469 357 534 sanctis
372 468 555 532 doctoribus
570 467 742 533 Christiani
759 489 828 532 sese
843 468 932 552 quasi
948 467 1128 552 ingerentes
1145 488 1250 552 perse·

190 573 334 648 curioni,
348 571 484 646 etiamsi,
501 571 631 654 perinde
653 583 751 656 atque
774 569 818 633 illi
839 571 872 634 iu
892 572 952 635 hoc
967 572 1095 637 (lunone
1117 594 1251 636 comme-

191 675 330 753 morati,
346 674 510 740 victoriam
529 682 641 759 postea
663 681 896 759 reportasseot3
919 695 1017 759 pravo
1037 674 1121 738 enim
1137 675 1252 738 ardore

191 776 325 844 inducti
340 799 449 843 omnes
464 776 518 840 isti
531 777 564 840 in
575 797 706 841 arenam
717 776 908 840 descendere
920 777 1130 852 videbantur;
1144 776 1252 863 itaque

191 880 302 943 ferme
316 879 405 965 gregi
420 885 479 942 τῶν
492 878 685 959 βιαθανάτων
699 900 719 943 a
735 878 895 943 veteribus
911 879 1123 944 adnumerati.

240 983 284 1046 P.
306 1003 359 1069 32.
382 983 402 1049 l.
418 1003 449 1064 9.
474 983 622 1063 ἄνθρακας
647 981 845 1066 ἁμαρτωλῶν]
868 981 963 1046 Edita·
981 983 1115 1063 ἄνθρακα
1133 983 1254 1046 habent

192 1107 257 1170 pro
285 1085 444 1164 ἄνθρακος,
467 1083 527 1148 hcc
549 1091 667 1160 antem,
690 1083 927 1170 refragantibus
945 1083 1019 1148 licet
1045 1084 1141 1148 MSS.
1159 1084 1252 1149 Bodl.

193 1211 235 1252 ox
252 1188 448 1270 Zonaraque
463 1194 496 1251 et
512 1185 701 1250 Balsamone
715 1186 881 1249 contextui
897 1186 1032 1270 reposui.

242 1289 329 1352 Ibid.
346 1287 365 1351 l.
381 1308 430 1367 14.
449 1291 502 1355 τδς
523 1287 670 1354 πολλάκις
692 1287 851 1369 γινομένας
871 1285 1086 1371 ἀναχωρήσεις]
1108 1286 1158 1350 De
1178 1287 1254 1372 iuga

195 1390 401 1475 temporibus
416 1389 620 1454 vexationum
635 1389 722 1452 licita
742 1389 867 1453 erudite
887 1388 955 1474 agit
971 1389 992 1452 J
994 1411 1064 1452 oan.
1082 1389 1254 1453 Forbesius

194 1491 232 1555 iu
258 1491 368 1556 libello
393 1495 441 1556 De
465 1493 549 1556 Oura
571 1502 598 1556 et
624 1492 801 1558 Raideatr'o
827 1491 987 1555 Postercli
1010 1513 1100 1576 capp.
1112 1494 1253 1576 36-42.

198 1594 309 1658 Immo
323 1595 455 1659 Petrum
466 1595 581 1680 ipsum,
593 1602 764 1679 antequam
779 1617 838 1679 pro
848 1594 979 1658 Christo
991 1602 1127 1658 mortem
1139 1594 1256 1670 obiret,

198 1698 241 1761 ab
258 1699 341 1762 urbe
358 1697 563 1770 Alexandria,
578 1697 709 1782 perinde
724 1718 762 1761 ac
785 1697 872 1781 prius
887 1695 1007 1761 lecerat
1027 1718 1161 1782 maguus
1176 1695 1254 1760 Dio·

199 1799 323 1882 nysius,
345 1798 386 1861 ob
409 1799 590 1863 sarrientem
614 1797 865 1885 persecutionem
885 1797 1013 1881 fugisse,
1038 1798 1140 1863 tradit
1160 1799 1254 1862 Sozo-

199 1923 326 1974 ruenus,
346 1900 400 1964 lib.
417 1901 437 1964 i.
459 1901 543 1965 Hist.
569 1922 638 1985 cap.
666 1900 785 1984 penult.
813 1900 902 1984 cujus
925 1901 1053 1984 quidem
1079 1901 1255 1965 narrationi

200 2001 300 2066 fidem
316 2003 439 2067 addunt
454 2003 591 2089 episcopi
602 2002 751 2088 AEgyptii
763 2002 796 2065 in
806 2002 947 2086 Epistola
962 2025 1017 2066 sua
1029 2003 1074 2067 ad
1083 2003 1254 2078 Materiam,

201 2127 301 2190 quarn
328 2128 349 2169 a
373 2105 519 2190 Scipione
548 2105 666 2168 Malleo
692 2104 828 2192 primunr
854 2105 973 2168 editam
1001 2127 1074 2168 mox
1100 2105 1255 2170 allaturus

200 2230 284 2272 sum.
333 2209 395 2272 Sat
406 2209 546 2292 seraitae
568 2209 659 2279 dica,
677 2210 737 2292 (sio
760 2207 937 2280 Meletium,
963 2207 1016 2290 qui
1041 2208 1256 2272 ordinationes

203 2311 564 2387 Alexandriaelecerat,
588 2312 690 2374 saneti
712 2309 851 2394 episcopi
877 2310 1082 2395 compellant)
1109 2310 1257 2396 apartibus

199 2412 343 2498 gregibus
364 2435 401 2476 σο
422 2413 571 2487 dcwlotis,
587 2421 717 2496 pastore
740 2434 802 2474 non
825 2412 1029 2487 subsistente,
1051 2414 1096 2476 od
1115 2415 1168 2477 δοο
1183 2436 1257 2498 ρον-

203 2515 284 2579 ocni.
328 2513 380 2579 Sic
395 2523 486 2580 vetus
503 2514 619 2580 Latina
634 2514 776 2601 epistola
792 2515 847 2578 diu
862 2513 995 2598 perditae
1010 2516 1222 2601 Iatnpretotio
1237 2538 1258 2580 a

204 2616 339 2692 Mauso,
367 2627 404 2680 ut
429 2617 506 2694 dixi,
537 2618 634 2683 edita.
680 2618 790 2701 Atque
818 2617 966 2702 Origenis
991 2617 1120 2682 monitis
1144 2617 1258 2682 similia

204 2728 291 2795 sunt,
311 2740 380 2802 quae
400 2717 492 2803 jubet
512 2720 572 2783 hoc
592 2719 661 2783 loco
676 2719 812 2791 Petrum
837 2719 991 2803 Origenes
1006 2720 1090 2783 enirn
1108 2719 1162 2783 diu
1181 2727 1257 2783 aute

206 2818 343 2885 Petrum
353 2819 472 2885 Christi
487 2832 648 2906 praecepto
660 2821 781 2905 pariter
793 2820 888 2884 nixus
900 2820 1080 2906 scripserat,
1094 2820 1149 2905 κᾷν
1160 2822 1257 2906 φεύγῃ

206 2922 239 2985 δέ
252 2948 302 2991 τις
320 2920 502 3005 χριστιανδο,
520 2922 651 3009 (inquit)
669 2923 703 2987 οὗ
721 2928 768 2987 διὰ
789 2925 906 2987 δειλίαν
924 2926 1040 3005 φεύγει·
1063 2926 1146 2987 ἀλλὰ
1162 2928 1258 3005 τηρῶν

206 3024 337 3103 ἐντολὴν
351 3029 402 3089 τοῦ
417 3023 608 3098 διδασκάλου,
627 3026 673 3089 καὶ
689 3024 795 3089 ἑαυτὸν
810 3025 970 3105 φυλάττων
988 3028 1125 3107 καθαρόν·
1150 3025 1258 3105 ἑτέρων

206 3125 490 3207 ὠφεληθησομένων
511 3130 546 3205 τῇ
571 3128 662 3190 αὐτοῦ
685 3128 824 3211 σωτηρίᾳ.
846 3127 900 3190 lib.
915 3128 977 3191 viii.
1003 3130 1116 3192 Contra
1143 3127 1259 3191 Celsum

206 3250 236 3290 n.
254 3250 314 3309 44.
340 3250 370 3313 p.
390 3244 461 3311 774.
486 3229 532 3292 cd.
555 3228 727 3298 bourona
775 3229 1015 3315 Ferreolusque‚
1039 3230 1091 3315 qui
1114 3237 1259 3294 extremo

207 3330 323 3397 saeculo
339 3330 448 3406 tertio,
464 3330 511 3395 rel
533 3330 661 3398 ineunte
681 3333 741 3395 hoc
761 3341 887 3416 quarto,
904 3342 1027 3418 martyr
1041 3341 1123 3406 erat,
1139 3354 1260 3396 memor

208 3455 318 3499 eorum
331 3455 401 3520 quae
409 3433 499 3516 jussa
509 3456 529 3496 a
541 3432 670 3499 Christo
681 3434 882 3519 defugiendo
895 3435 1111 3518 persecutione
1120 3436 1259 3511 fuerant,

209 3556 226 3599 e
241 3534 389 3600 custodia
400 3535 526 3620 elapsus
538 3534 663 3600 Vienna
677 3536 858 3601 discessisse
872 3537 998 3602 dicitur.
1025 3541 1105 3601 Acta
1120 3539 1258 3620 Martyr.

211 3637 358 3702 dalnart.
378 3659 408 3721 p.
418 3641 493 3716 464.
511 3638 560 3702 cd.
576 3638 683 3703 Amet.
723 3639 872 3703 Proxime
888 3647 960 3724 post
980 3645 1032 3702 τοῦ
1052 3641 1161 3704 οἰκείου
1180 3643 1258 3703 οἰκο-

211 3741 359 3803 δεσπότου
374 3738 542 3803 Pedalium
558 3740 621 3803 An.
638 3738 761 3825 legend.
777 3746 830 3804 τοῦ
845 3742 954 3805 οἰκείου
969 3742 1134 3811 δεσπότονῗ

251 3839 289 3902 Ρ.
300 3858 355 3924 33.
372 3839 393 3903 l.
407 3860 434 3905 2.
459 3840 528 3904 ἀλλ’
552 3842 720 3926 ἐξεδέξατο]
754 3841 848 3927 Vulgo
871 3841 1004 3920 ἐδέξατο,
1029 3841 1085 3905 sed
1111 3862 1151 3904 ex
1174 3840 1261 3905 codd.

211 3941 341 4027 quisqam
363 3941 467 4007 locum
490 3944 626 4011 restitui.
672 3945 726 4009 lta
748 3945 832 4008 infra
854 3944 885 4007 in
908 3944 962 4010 lin.
977 3966 1008 4022 4.
1033 3965 1104 4028 pag.
1120 3964 1171 4026 34.
1190 3942 1261 4006 ἀλλ’

214 4043 389 4129 ἐκδέχεσθαι
404 4044 514 4111 habes.
559 4046 651 4110 Nunc
666 4047 769 4112 inveni
786 4045 941 4125 ἐξεδέξατο
957 4046 989 4108 in
1005 4044 1147 4108 Pedalie.

256 4147 342 4211 lbid.
358 4145 380 4209 l.
398 4167 447 4211 rr.
464 4147 532 4211 ἀλλ’
549 4148 641 4234 οὐχὶ]
667 4149 760 4234 Volpo
776 4149 844 4213 ἀλλ’
861 4150 917 4232 οὐχ
939 4147 990 4211 lric
1009 4155 1043 4211 et
1062 4146 1152 4210 infra.
1198 4144 1261 4208 Sed
