3242 5150
309 415 361 476 IN
385 414 658 477 CONCILIUM
684 417 879 480 CONTRA
905 418 1123 481 NOETUM.
1189 421 1254 486 alt

203 589 295 648 ταῦτα
313 583 447 666 λέγομεν
467 582 487 646 ἃ
507 583 663 665 ἐμάθομεν.
707 587 786 650 Τότε
800 591 906 651 τοῦτον
925 585 1105 669 ἐλέγξοντες
1123 586 1255 666 ἐξέωσαν

202 688 254 763 τῆς
269 687 440 764 ἐκκλησίας,
456 684 490 752 ὃς
505 688 548 752 εἰς
562 692 687 750 τοσοῦτο
703 689 843 768 φυσίαμα
857 686 981 771 ἠνέχθη,
994 691 1034 755 ὡς
1045 693 1256 754 διδασκαλεῖον

205 791 364 866 συστῆσαι.
409 786 501 867 Quod
521 787 641 852 attinet
660 789 702 852 ad
718 787 846 853 Mosem
868 796 902 853 et
917 790 1081 854 Aaronem
1100 789 1134 854 in
1150 791 1256 856 Noeto

204 910 243 952 ao
264 887 366 952 fratre
392 888 557 962 redivivos,
584 889 708 953 notavit
733 889 899 954 Fabricius
921 892 964 955 ad
986 891 1203 977 Hsppolytam,
1223 892 1255 955 id

205 991 439 1054 Damasoennm
463 1011 588 1075 quoque
608 990 745 1063 referre;
780 993 836 1056 sed
862 992 1025 1078 scripsisse
1048 994 1257 1059 Philastrium

206 1093 326 1156 Hoereei
349 1092 402 1156 liii.
437 1093 586 1156 Noctiooi
611 1094 756 1157 inamati
781 1096 930 1176 (ἀνόητοι)
959 1097 1117 1179 osjmdom
1140 1096 1258 1160 nomiae

205 1193 447 1257 Nosti—lio
468 1194 560 1258 etiam
581 1193 697 1258 dioclet
717 1215 747 1258 aa
760 1196 867 1258 Mosco
887 1217 954 1270 esee,
970 1207 997 1260 et
1009 1199 1147 1280 fratrom
1168 1218 1258 1261 mam

206 1294 335 1358 Heliam
353 1295 543 1380 prophetam.
587 1295 668 1360 Rem
694 1297 742 1361 ita
771 1297 904 1381 exponit
927 1298 964 1361 cl.
992 1299 1200 1375 Moshemius,
1224 1299 1258 1362 iu

210 1397 319 1466 Oomm.
343 1399 393 1462 De
414 1397 516 1462 Rebas
542 1398 784 1462 casalinorum
809 1410 881 1462 acle
908 1401 1094 1464 Constantia.
1111 1401 1161 1463 Μ.
1177 1400 1257 1465 Saec.

207 1498 252 1562 iii.
270 1501 299 1582 t.
315 1519 368 1584 33.
387 1522 418 1584 p.
435 1500 507 1564 682.
532 1508 569 1564 ut
599 1499 753 1564 sectarius
782 1500 844 1564 iste
868 1502 1069 1566 existimetur
1093 1523 1162 1566 sese
1186 1524 1259 1566 oum

210 1601 314 1678 Mose,
329 1601 523 1687 fratremque
537 1623 629 1666 suum
649 1622 720 1665 cnm
742 1603 885 1679 Aarone‚
901 1623 1123 1688 comparasse;
1150 1603 1259 1679 idest,

207 1709 396 1788 arroganter
415 1704 615 1790 praedicasse,
632 1703 736 1767 Deum
756 1725 815 1766 suo
829 1702 1001 1789 fratrisque
1021 1704 1198 1769 ministerio
1217 1707 1260 1770 ad

210 1805 360 1891 populum
381 1806 599 1872 Christianum
620 1827 660 1869 ex
680 1804 833 1870 falsarum
847 1807 888 1869 de
907 1805 1058 1890 religione
1077 1806 1260 1891 opinionum

211 1907 363 1972 servitute
392 1909 588 1973 educendum
614 1907 663 1971 uti
688 1906 775 1984 velle,
803 1907 1070 1990 quemadmodum
1100 1908 1202 1972 Mosis
1227 1916 1262 1974 et

213 2009 353 2074 Aaronis
364 2031 493 2096 operam
514 2011 556 2074 ad
572 2009 784 2073 Hebraeorum
799 2008 950 2093 populum
970 2031 1011 2073 ex
1026 2009 1171 2095 AEgypto
1184 2009 1261 2074 libe-

211 2111 346 2175 randum
361 2110 435 2175 olim
449 2111 659 2176 adhibuisset.
704 2111 791 2176 Satis
812 2110 975 2197 ingeniosa
989 2112 1061 2176 ista.
1106 2113 1262 2176 Attamen

211 2213 421 2278 recordantur
442 2235 562 2290 omnes,
585 2213 728 2278 docuisse
751 2214 978 2300 Pythagoram,
1003 2235 1037 2278 sa
1062 2212 1095 2276 in
1122 2213 1263 2298 Trojano

211 2314 294 2379 bello
309 2314 517 2400 Euphorbum
532 2316 649 2391 fuisse;
667 2323 701 2381 et
714 2315 843 2380 memini
855 2338 915 2402 ego
929 2314 1074 2380 extitisse
1089 2315 1123 2379 in
1138 2315 1188 2380 his
1198 2317 1263 2381 oris

212 2422 288 2481 ante
303 2416 436 2502 triginta
450 2417 516 2482 iere
536 2440 637 2482 annos
656 2418 786 2505 planum
801 2407 970 2504 quendam,
986 2427 1045 2483 aut
1059 2426 1146 2483 certe
1163 2419 1263 2483 homi-

213 2540 286 2583 nem
316 2518 499 2594 fanaticum,
528 2521 581 2605 qui
610 2543 644 2585 se
671 2519 800 2584 Heliam
835 2520 1025 2607 prophetam
1059 2541 1128 2585 esse
1162 2520 1263 2606 impu·

214 2623 327 2687 denter
360 2622 543 2688 affirmaret.
597 2622 729 2687 Rectius
762 2643 839 2707 ergo
874 2622 1009 2686 sortasse
1047 2623 1262 2698 statuendum,

215 2724 358 2789 Noctem
378 2732 412 2789 et
434 2724 566 2789 fratrem
590 2725 659 2809 ejus
684 2724 886 2810 praedicasse,
910 2744 1005 2806 super
1030 2744 1099 2787 sese
1122 2745 1162 2787 ex
1183 2724 1264 2788 coelo

214 2827 413 2892 descendisse
437 2831 553 2906 πνεῦμα
578 2828 626 2890 καὶ
653 2829 777 2907 δύναμιν
803 2826 906 2891 Μοοὶο
930 2833 1029 2910 atque
1054 2824 1204 2903 Aaronis,
1227 2833 1265 2889 ut

215 2928 309 3015 plane
323 2930 419 2994 iidem
433 2928 487 3015 qui
503 2928 547 2992 illi
561 2929 622 3014 ipsi
638 2938 725 2994 recte
734 2930 857 2994 ‘censeri
873 2935 1012 3015 possent.

253 3031 290 3095 P.
299 3050 372 3117 243.
382 3031 436 3115 Ι.9.
447 3036 499 3094 τοῦ
505 3032 744 3117 Πρεσβυτερίου]
756 3032 1019 3117 Presbyterorum
1024 3030 1150 3094 nomine
1161 3030 1265 3095 vocati

216 3134 376 3199 interdum
391 3133 528 3219 episcopi
543 3133 576 3195 in
591 3134 705 3198 saeoulo
723 3135 862 3200 ecclesiae
881 3134 1030 3199 secundo.
1076 3132 1152 3197 Vid.
1170 3155 1267 3219 supra

217 3237 320 3301 Emer.
344 3236 468 3301 Ocnum.
500 3236 599 3299 Loco.
626 3258 699 3322 pag.
714 3257 766 3318 40.
797 3237 856 3301 vol.
873 3236 920 3301 II.
943 3243 978 3301 et
1003 3236 1159 3299 Ireaoeom
1185 3236 1264 3301 Aac.

216 3340 338 3403 Horas.
358 3338 411 3401 lib.
426 3338 467 3402 ir.
491 3360 518 3401 o.
529 3358 581 3422 43.
604 3338 646 3402 al.
664 3340 714 3406 26.
738 3338 996 3423 Olementemque
1018 3338 1073 3401 Al.
1093 3340 1205 3402 Seram.
1225 3338 1265 3402 vi.

217 3462 286 3526 cap.
303 3461 315 3503 r
320 3460 350 3525 3.
367 3440 421 3525 qui
435 3447 544 3505 tamen
557 3440 653 3504 ambo
668 3441 753 3505 inter
767 3441 933 3527 episcopos
952 3448 1051 3524 atque
1065 3441 1267 3526 presbyteros

217 3544 293 3608 alibi
307 3550 419 3629 aperte
433 3542 643 3628 distinguunt.
687 3542 757 3620 Adi,
774 3542 910 3628 exempli
923 3543 1039 3627 gratia,
1056 3543 1141 3606 Iron.
1157 3542 1211 3606 lib.
1223 3542 1265 3605 iii.

219 3668 287 3731 oap.
302 3666 350 3726 14.
372 3653 406 3710 et
427 3646 518 3709 Clam.
541 3644 596 3709 Al.
619 3645 688 3730 ipso
711 3646 823 3710 eodem
844 3646 923 3710 loco.
968 3645 1048 3709 (lum
1070 3666 1145 3708 vero
1170 3643 1268 3709 tertio

218 3748 278 3813 hoc
307 3748 423 3812 saeculo
445 3748 497 3811 vix
524 3755 558 3812 ct
589 3770 629 3811 ne
652 3748 705 3811 vix
727 3748 855 3834 quidem
881 3748 997 3833 singuli
1019 3748 1159 3833 episcopi
1182 3768 1268 3833 pres-

218 3850 322 3935 byteri
336 3850 562 3923 vocitarentur,
579 3871 689 3914 rursus
703 3872 763 3935 ego
781 3850 904 3924 dubito,
920 3858 1029 3915 utrum
1044 3851 1141 3915 etiam
1161 3850 1269 3934 plures

218 3951 356 4037 episcopi
378 3952 412 4015 in
437 3974 546 4029 unum,
571 3952 632 4015 hoo
657 3959 708 4016 est
731 3952 924 4038 provinciale
947 3952 1125 4032 concilium,
1146 3952 1269 4016 collecti

218 4053 266 4117 ita
279 4054 454 4138 nuncupari
469 4061 538 4118 tum
549 4053 701 4137 temporis
718 4054 856 4118 solerent
869 4081 878 4131 ;
893 4055 952 4119 etsi
967 4056 1007 4118 dc
1018 4053 1271 4119 antecessoribus

219 4153 284 4218 suis
299 4154 347 4219 ito
361 4155 485 4219 locutus
505 4154 547 4220 sit
563 4154 734 4238 Dionysius
753 4156 991 4221 Alexandrinus
1009 4157 1271 4241 episcopus.—

219 4260 300 4336 παρὰ
322 4262 380 4319 τῶν
401 4258 458 4337 πρὸ
478 4258 568 4336 tato,
595 4256 707 4340 inquit,
731 4259 944 4338 πρεσβυτέραν
970 4261 1062 4322 τύπον
1089 4258 1136 4319 καὶ
1160 4255 1271 4317 κανόνα

221 4362 449 4441 παρειληφότες,
470 4359 556 4443 apud
580 4357 611 4423 S.
626 4358 778 4423 Basiliam
795 4360 844 4422 M.
861 4359 929 4424 Lib.
949 4362 997 4423 Dc
1015 4360 1138 4443 sipiritu
1158 4358 1272 4421 Sancto
