3242 5150
406 421 679 485 CONCILIUM
704 421 1097 487 ELIBERITANUM.
1207 425 1272 490 259

269 674 335 730 Post
348 671 568 750 subscriptiones
582 672 784 750 episcoporum,
801 673 830 731 ia
844 683 949 733 vetusto
961 675 1056 734 codice
1072 676 1217 755 Urgeleust'

477 771 609 843 leguntur
622 778 768 848 sequentes
777 771 1016 848 presbyterorum.

226 879 375 936 Restitutus
388 878 525 950 presbyter
537 879 570 933 de
580 879 680 950 Elepel.
761 880 911 935 Eucharius
923 898 939 935 a
952 882 1110 953 Municipio.

225 965 328 1020 Natalis
340 965 478 1036 presbyter
490 965 523 1020 de
534 965 651 1020 Orsuna.
760 965 863 1031 Victor,
876 966 948 1021 Ulia.

226 1052 340 1107 Maurus
351 1053 490 1123 presbyter
498 1052 532 1107 de
545 1053 668 1123 Illiturgi.
762 1053 896 1117 Silvanus,
911 1053 1062 1124 Sagalbinu.

226 1136 390 1206 Lamponius
402 1138 539 1209 presbyter
553 1138 662 1192 Karuls.
760 1138 915 1203 lanatarius,
928 1139 1004 1194 Urci.

225 1222 367 1287 Barbatus,
380 1223 414 1278 de
425 1223 553 1295 Advingi.
760 1224 824 1287 leo,
838 1224 966 1279 Gemella.

225 1309 411 1374 Felicissimae,
425 1310 458 1364 de
469 1311 562 1366 Atera.
758 1311 902 1375 Turrinus,
916 1311 1075 1367 Cmtellona.

227 1395 280 1449 leo
293 1395 423 1466 Accinipi.
763 1397 908 1463 Luxurias,
922 1398 955 1452 de
968 1399 1070 1453 Drona.

226 1479 375 1544 liberatus,
388 1479 421 1534 de
433 1480 575 1535 Eliocrota.
762 1482 906 1544 Emeritos,
920 1481 1013 1536 Barca.

225 1566 379 1630 lanuarias,
392 1566 426 1620 de
438 1567 535 1621 lauro.
762 1567 936 1631 Eumancius,
950 1567 1031 1622 Solia

226 1651 243 1706 J
245 1653 381 1717 canamus,
395 1652 498 1707 Barbae.
762 1653 971 1718 Eumeneianus,
985 1653 1085 1725 Ossigi.

226 1738 390 1801 Victorinus,
403 1756 419 1792 a
431 1738 530 1792 Gabro.
763 1740 875 1803 Erexes,
886 1739 1055 1810 Carthagine.

225 1823 313 1888 linas,
326 1843 342 1879 a
354 1825 431 1879 Vino.
763 1826 898 1890 Julianus,
912 1827 1048 1891 Corduba,
1060 1828 1205 1899 presbyter.

248 2036 459 2102 Residootibus
479 2039 570 2101 aiore
590 2039 722 2123 aoc'pioti
741 2049 770 2102 et
791 2061 841 2103 see
857 2039 1049 2124 prosternis,
1065 2039 1254 2104 odoomibas

381 2139 558 2204 diaconibus
571 2150 599 2204 et
612 2143 694 2204 omni
703 2140 797 2224 plebe,
813 2143 943 2226 episcopi
956 2142 1118 2206 discurrat:

577 2276 871 2340 CAPITULUM
896 2277 924 2340 I.

235 2361 460 2454 PLACUIT
476 2393 581 2457 binter
591 2415 664 2469 eos3
682 2393 746 2488 Qui
761 2402 835 2478 post
845 2393 940 2457 fidem
952 2393 1103 2479 baptismi
1115 2393 1274 2468 salutaris,

227 2500 339 2565 adulta
364 2509 470 2581 aetate,
493 2505 535 2568 ad
566 2505 719 2590 templum
745 2504 1007 2568 idololatraturus
1035 2504 1215 2580 accesserit,
1242 2515 1276 2567 et

228 2609 348 2683 fecerit,
376 2613 460 2695 quod
486 2621 536 2677 est
561 2613 679 2676 crimen
704 2611 913 2697 cprincipale:
947 2611 1022 2697 quia
1045 2621 1095 2676 ost
1119 2633 1275 2676 summum

228 2718 338 2797 scelus,
355 2722 483 2805 placuit,
500 2743 557 2785 nec
572 2722 604 2784 in
620 2721 682 2784 fine
697 2742 768 2784 eum
783 2720 1055 2783 dcommunionem
1069 2722 1223 2806 occipere.

730 2831 780 2893 11.

273 2941 443 3019 Flumineo,
460 2942 514 3026 qui
529 2949 603 3027 post
623 2942 718 3007 fidem
735 2942 853 3005 lavacri
868 2950 902 3006 et
916 2943 1165 3028 regenerationis
1179 2942 1275 3007 sacri-

227 3050 422 3125 ficaverunt;
455 3073 493 3114 eo
516 3051 601 3134 quod
621 3050 851 3135 geminaverint
876 3050 1004 3128 seelera,
1027 3052 1198 3116 accedente
1221 3051 1276 3113 ho-

228 3160 373 3234 micidi0;
416 3160 464 3223 rel
494 3158 724 3243 triplicaverint
752 3159 885 3235 focinus,
912 3159 1092 3224 cohaerente
1118 3159 1274 3231 moeohia;

229 3269 348 3353 placuit
363 3291 418 3333 cos
431 3289 489 3333 neo
503 3268 536 3331 in
551 3266 615 3331 fine
628 3268 771 3352 accipere
786 3268 1048 3333 communionem.

718 3379 788 3441 111.

273 3486 357 3550 ltem
371 3485 522 3563 flamines,
538 3485 592 3571 qui
612 3506 675 3548 non
692 3485 934 3563 immolaverint,
950 3486 1006 3549 sed
1020 3507 1135 3549 munus
1149 3491 1277 3549 tantum

230 3596 395 3671 dederint;
426 3616 464 3659 eo
490 3595 575 3679 quod
597 3580 635 3657 se*
653 3616 673 3657 a
699 3594 832 3657 funestis
856 3594 1081 3658 abstinuerunt
1106 3594 1278 3669 sacrificiis,

230 3704 360 3788 placuit,
378 3704 410 3767 in
433 3704 496 3767 fine
515 3703 590 3767 cis*
612 3701 758 3786 prmstari
779 3702 1053 3777 communionem
1078 3711 1152 3767 aeta
1171 3711 1280 3767 tomen

229 3813 372 3898 legitima
404 3811 603 3897 poenitentia.
662 3812 748 3874 Item
781 3810 851 3895 ipsi,
887 3812 915 3875 si
950 3820 1024 3896 post
1057 3812 1280 3897 prenitentiam

229 3919 347 3985 fuerint
374 3920 536 3994 moechati,
568 3919 697 4005 placuit,
724 3920 858 3984 ulterius
882 3920 933 3985 bis
958 3943 1022 3985 non
1047 3944 1116 3986 esse
1141 3922 1280 3986 dandam

263 4088 321 4133 21²2
332 4087 386 4135 edit.
401 4087 473 4135 Cora.
486 4087 515 4134 de
526 4086 642 4147 Aorsia-re,
654 4094 677 4135 et
692 4088 828 4147 Menam,
841 4101 940 4134 xxxvi.
1030 4089 1044 4126 b
1060 4090 1175 4147 Apono.
1186 4097 1215 4134 ut
1226 4086 1279 4147 qni-

230 4183 341 4232 cumque.
409 4170 535 4229 eApuirr.
548 4168 659 4230 capitale.
727 4170 901 4230 aequemus
914 4168 1247 4229 communionemsnscipere.

263 4280 421 4345 ⁴(Prmetare
440 4281 511 4328 babet
531 4280 640 4328 Collectio
662 4282 788 4327 Curionum
809 4281 921 4327 Ecclesia
943 4280 1079 4340 Hirpom'co
1100 4280 1201 4325 Matris
1218 4292 1284 4324 orno

234 4361 294 4410 1808
306 4376 336 4410 ee
346 4362 411 4409 codd.
425 4362 520 4423 scriptis
531 4359 615 4422 edita.)

723 4437 802 4500 alt
