3242 5150
386 394 435 460 ΙΝ
461 395 494 458 S.
514 389 760 459 LUCIANUS
784 395 1008 458 MARTYR.
1179 398 1222 464 17

160 564 348 650 seriptum
385 564 446 629 etsi
474 571 589 629 auotor
615 562 817 648 Dioloyoram
844 564 883 630 do
907 565 941 628 S.
962 565 1113 630 llioitoto
1141 565 1225 630 inter

160 666 347 730 Athanasii
363 673 461 752 atque
475 665 671 730 Theodoreti
691 687 791 751 opera
812 666 929 744 editus,
943 667 998 752 qui
1012 675 1163 754 vergente
1181 671 1225 733 ad

160 764 260 832 linem
276 768 401 835 mulo
416 775 531 855 quarto
546 769 682 833 fortasse
697 768 816 843 floruit,
832 768 916 833 idem
931 769 1085 854 seriptum
1094 769 1225 834 Luoiani

160 891 242 948 esse,
274 870 441 955 particula
464 870 534 955 ejus
559 871 714 947 adduota,
739 869 922 935 erediderit.
967 870 1030 935 Sed
1056 875 1227 954 γνησιότητι

161 969 232 1054 ejus
247 972 398 1037 maxime
415 993 566 1057 opponas,
582 971 667 1060 quod
687 971 854 1036 adnotavit
873 972 978 1036 editor
997 973 1224 1038 Benediotinue

161 1071 205 1136 ad
220 1071 406 1152 Hilarium,
421 1073 476 1137 ubi
499 1094 613 1158 suprai
637 1080 657 1112 ‘¹
670 1073 826 1150 Quaedam
847 1072 980 1158 (inquit)
1000 1096 1041 1138 ex
1062 1073 1133 1158 ipsa
1153 1095 1228 1138 oon·

162 1179 184 1209 “
200 1171 361 1252 sessione,
376 1174 587 1252 Athanasius,
603 1181 641 1238 ut
658 1194 734 1236 mox
748 1176 961 1254 ostendemus,
976 1175 1140 1254 adsoribit,
1156 1182 1228 1239 tan·

164 1282 187 1313 “
205 1297 310 1359 quam
325 1277 371 1341 ab
387 1277 508 1342 Aoaoio
521 1285 556 1342 et
569 1275 710 1340 Eusebio
723 1275 756 1339 in
768 1276 926 1341 Enoaeniis
940 1277 1075 1362 prolata,
1088 1275 1227 1342 Aeaoius

165 1384 186 1418 “
202 1399 282 1443 vero
303 1380 402 1465 plura
415 1380 558 1465 ejusdem
574 1379 671 1444 verba
688 1378 820 1443 Asterie
838 1379 999 1447 attribuit.
1044 1379 1156 1464 Neque
1171 1380 1226 1444 ob·

167 1487 189 1517 “
205 1502 303 1546 soure
328 1482 436 1547 innuit
456 1481 612 1560 Hilarius,
627 1502 682 1545 eos
705 1479 800 1570 ipsos,
817 1481 872 1569 qui
892 1481 1020 1569 Synodo
1040 1482 1227 1556 intererant,

168 1591 188 1618 “
204 1583 359 1651 iormulae
373 1584 468 1669 hujus
482 1583 628 1652 extitisse
643 1583 820 1651 mouns?
852 1583 1009 1669 Denique,
1021 1585 1107 1670 qnod
1120 1584 1229 1670 magni

169 1688 331 1752 momenti
355 1693 416 1765 est,
438 1708 510 1751 enm
533 1693 646 1750 auetor
667 1685 719 1750 ille
740 1685 943 1770 Dioloyorum
963 1686 1001 1751 de
1025 1686 1177 1753 Triuiae
1201 1686 1231 1751 ei

173 1788 328 1871 qnaednm
343 1787 504 1854 addidisse
519 1788 696 1864 haeretioos‚
712 1809 746 1852 so
761 1810 854 1874 posse
872 1787 1009 1874 probare
1028 1788 1125 1866 dieat.
1142 1788 1229 1858 Dial.

170 1913 215 1953 nr.
243 1891 320 1977 ipso
344 1892 414 1958 init.
438 1913 584 1978 quaenam
606 1898 714 1956 tamen
735 1890 866 1967 fuerint,
891 1891 977 1955 haud
1003 1892 1166 1969 ostendat,
1189 1913 1228 1956 eo

173 1993 282 2058 minna
306 1995 429 2060 valebit
450 1995 484 2059 in
506 1994 589 2058 illius
608 1993 748 2080 gratiam
769 1991 986 2057 testimonium
1006 1992 1108 2083 ipsum
1131 1993 1229 2073 istud,

172 2097 261 2179 quod
277 2095 519 2181 corruptionem
533 2095 674 2180 opusculi
689 2095 782 2160 simul
796 2101 931 2160 asserat.
969 2095 1033 2159 Sed
1046 2117 1131 2175 vero,
1142 2095 1232 2181 quid-

174 2197 252 2281 quid
278 2199 323 2264 de
345 2199 405 2263 hae
426 2220 462 2263 re
483 2198 657 2274 statuitur3
683 2197 833 2283 quoniam
854 2198 982 2262 abunde
1002 2206 1142 2277 oonstat,
1165 2199 1234 2264 Lu·

174 2298 307 2364 oianum
334 2301 446 2386 ipsum,
470 2301 547 2364 dum
571 2299 701 2376 viveret,
727 2297 958 2384 suspicionibus
981 2299 1233 2364 orthodoxorum

176 2402 355 2468 obnoxium
367 2403 483 2478 luisse;
509 2403 661 2486 (videndo
674 2409 724 2466 est
735 2401 819 2466 onim
835 2400 919 2465 inter
932 2400 997 2465 alia
1011 2402 1053 2465 ad
1068 2401 1151 2468 hano
1165 2425 1233 2468 rem

177 2503 365 2588 spectantia
378 2503 513 2590 epistola
528 2503 704 2568 Alexandri
720 2502 859 2589 episeopi
875 2502 1086 2567 Alexandrini
1103 2505 1145 2568 ad
1161 2527 1233 2591 eog-

178 2607 344 2671 nominem
366 2628 458 2673 suum
481 2606 870 2691 Constantinopolitanum
891 2607 931 2669 de
951 2606 1062 2670 omem
1082 2607 1143 2671 hoo
1166 2609 1233 2671 Lu·

179 2706 283 2785 eiano,
297 2709 397 2775 velint
417 2709 520 2773 nolint
541 2709 671 2794 quidam
693 2708 792 2785 docti,
807 2708 997 2795 conscripta,
1017 2729 1113 2793 quam
1132 2709 1236 2775 Theo-

180 2808 319 2877 doretus
338 2812 394 2881 lib.
410 2812 431 2877 i.
456 2812 539 2881 ΗΜ.
562 2834 630 2901 oap.
644 2833 676 2901 3.
702 2810 876 2894 servarim)
914 2812 1052 2897 dumque
1080 2819 1238 2897 praeterea

180 2913 331 2978 novimus
345 2936 428 2991 eum,
443 2935 514 2979 eum
536 2922 680 2979 mortuus
694 2920 789 2991 esset,
805 2913 848 2978 ab
864 2914 996 2979 Arianis
1011 2914 1159 2979 oertetim
1173 2914 1233 2978 sibi

182 3013 381 3081 vindioatum
394 3017 510 3090 suisse;
527 3017 614 3081 haud
624 3016 747 3094 dubito,
758 3016 833 3101 quin
843 3017 995 3082 nonnulla
1005 3016 1034 3081 ei
1046 3018 1130 3081 inter
1140 3017 1237 3081 disse

182 3117 320 3188 rendum
342 3119 383 3182 de
405 3118 500 3184 rebus
522 3118 636 3187 divinis
660 3118 788 3203 prodite
811 3132 930 3196 essent,
949 3141 1019 3204 quae
1034 3141 1107 3183 oum
1126 3119 1237 3204 regula

184 3216 258 3283 fidei
270 3219 402 3284 minime
415 3221 641 3285 eonsentirent.
687 3220 738 3285 Ex
754 3242 819 3305 quo
833 3243 908 3284 vero
923 3222 1081 3286 natholiae
1097 3244 1238 3286 eommu-

184 3319 280 3385 nione
300 3321 455 3385 excidisse
474 3343 548 3385 eum
569 3328 709 3386 testatus
724 3328 775 3386 ost
791 3322 999 3387 Alexandriae
1014 3323 1189 3409 episeopus,
1206 3323 1239 3386 in

185 3416 272 3485 illam
288 3429 403 3507 postea
416 3428 580 3506 reeeptum
594 3422 690 3485 inisse
705 3421 892 3501 Luoianum,
901 3430 999 3508 atque
1009 3423 1043 3486 in
1054 3424 1165 3487 eedem
1180 3423 1239 3486 im·

187 3532 350 3588 mortuum
365 3547 445 3600 esse,
460 3525 563 3589 honor
576 3524 605 3589 ei
621 3533 658 3589 ut
677 3532 789 3590 saneto
803 3526 938 3615 martyri
954 3526 997 3590 ab
1011 3525 1158 3592 omnibus
1172 3524 1238 3595 fere

188 3624 330 3695 tributus
344 3626 425 3693 satis
440 3625 591 3695 ostendit.
