3242 5150
348 419 379 480 S.
403 417 624 482 DIONYSII
649 419 794 486 ALEX.
819 420 884 484 DE
908 423 1123 486 NATURA.
1197 427 1263 494 897

251 588 261 612 ν
355 590 365 614 ε
433 586 444 613 Ν
492 596 500 621 ι
554 589 566 616 x
615 588 633 619 1
832 595 842 622 κ
895 599 910 616 ⁶
965 594 984 624 ν
1112 595 1130 626 Ἰ

212 621 329 688 μεσην
347 622 472 669 εαυτον
490 623 591 674 ιστος
603 598 765 694 ωρθωσε,
786 627 845 671 και
862 626 935 672 των
956 604 1083 674 αλλων
1108 629 1262 676 εκαστον

213 719 347 828 ξύλων,
366 720 409 822 ἣν
426 723 549 828 ἔτυχεν
566 724 611 831 ἐξ
625 726 750 805 ἑαυτοῦ
764 724 867 804 θέσιν
880 724 1092 823 κατέλαβεν.
1119 727 1199 808 οὐδὲ
1217 728 1264 808 τά

292 853 302 882 Ι
418 858 427 883 t
496 854 508 882 λ
580 863 597 880 Α
646 861 656 884 t
699 857 709 884 Ι
832 858 841 886 Ι
1015 858 1030 892 Δ
1224 861 1235 886 ἱ

214 869 392 956 λεγομενα
409 891 535 937 εκατον
554 893 617 958 της
635 859 777 966 αμαξης
794 859 902 965 ξυλα,
915 862 993 940 καθ
1014 895 1056 940 ον
1070 860 1146 963 εὗρε
1161 896 1263 942 κενον

213 989 326 1071 τόπον
353 993 508 1072 ἕκαστον
535 993 734 1096 συνεπάγη.
770 997 855 1074 ἀλλ’
886 997 906 1074 ὁ
933 995 1066 1076 τέκτων
1098 997 1263 1101 ἑκατέρας

189 1129 288 1226 5(for.
305 1127 467 1235 ἑκάτερα)
487 1127 703 1226 συνεκόμισε
730 1131 874 1232 καίριον.
904 1137 934 1210 εἰ
961 1130 1000 1210 δὲ
1028 1134 1209 1234 διαλυθείη
1237 1135 1261 1232 ἡ

216 1271 301 1347 ναῦς
317 1263 652 1354 ἐνθαλασσεύουσα,
673 1261 697 1363 ἦ
725 1262 905 1369 φερομένη
924 1264 1015 1345 κατά
1042 1271 1112 1367 γῆν
1130 1264 1263 1373 ἅμαξα,

216 1397 288 1496 ὅπη
306 1397 397 1503 τύχη
414 1396 460 1476 τά
487 1397 593 1503 ξύλα,
612 1397 658 1476 τά
685 1395 750 1496 μὲν
769 1396 839 1478 ὑπὸ
867 1407 939 1478 τῶν
967 1396 1142 1498 κυμάτων,
1162 1400 1263 1482 τὰδὲ

217 1532 286 1612 ἀπὸ
304 1537 368 1630 τῆς
386 1532 561 1613 συντόνου
588 1532 701 1635 ῥύμης
725 1534 976 1635 διασπείρεται.
1005 1535 1117 1618 οὕτως
1135 1533 1179 1614 ἀν
1197 1539 1263 1639 ἀρ-

215 1665 315 1768 μόζοι
333 1667 452 1769 λέγειν
465 1670 594 1765 αύτοῖς,
606 1671 663 1748 καὶ
681 1668 746 1752 τάς
764 1666 929 1766 ἀτόμους,
948 1667 1062 1771 ἀργάς
1075 1669 1265 1768 μενούσας,

171 1833 208 1871 10
218 1805 274 1881 καὶ
307 1801 604 1905 ἀχειροτοιητους,
636 1805 693 1881 καὶ
726 1800 940 1906 ἀχρήστους,
973 1807 1047 1902 εἰκῆ
1081 1804 1264 1908 φέρεσθαι.

217 1934 408 2038 ἀρότωσαν
421 1934 493 2038 γάρ
512 1935 576 2020 τὰς
594 1934 764 2019 ἀθεάτους
776 1936 937 2031 (ἀθέτους
955 1953 1025 2012 MS.
1045 1947 1164 2045 vigeri)
1181 1940 1266 2018 ε’κεῑ-

217 2103 282 2166 νοι,
300 2072 358 2149 καὶ
383 2069 448 2154 τάς
472 2068 641 2170 ἀνοήτους
666 2074 872 2169 νοείτωσαν,
890 2073 956 2175 οὐχ
981 2074 1110 2170 ὁμοίως
1137 2074 1266 2180 ἐκείνῳ,

216 2204 256 2290 ὃς
275 2205 480 2311 φωνερωθὲν
497 2208 610 2314 ἐαυτῷ
628 2216 734 2287 τοῦτο
754 2205 824 2286 ὑπὸ
843 2215 907 2286 τοῦ
925 2213 1022 2287 Θεοῦ
1042 2205 1133 2310 πρὸς
1158 2206 1266 2287 αὐτὸν

217 2343 397 2442 ὁμολογεῖ,
416 2339 499 2421 ὴΤὸ
518 2340 787 2444 ἀκατέργαστόν
805 2376 876 2421 σου
894 2343 1038 2422 εἴδοσαν
1064 2349 1097 2422 οἱ
1116 2345 1262 2447 ὀφθαλ-

173 2510 184 2548 ι
190 2509 206 2567 5
217 2479 282 2575 μοι’
296 2509 376 2573 μου.
404 2473 525 2554 Ὅταν
544 2476 582 2554 δὲ
599 2479 657 2555 καὶ
676 2472 702 2554 ἀ
719 2481 836 2581 φασιν
854 2475 897 2582 ἐξ
908 2473 1051 2575 ἀτόμων
1065 2477 1265 2584 ὑφάσματα

219 2613 384 2711 γίνεσθαι
410 2610 458 2690 τά
484 2610 635 2712 εὐήτρια,
665 2612 764 2690 ταῦθ
794 2612 852 2690 ὑπ’
883 2612 1000 2691 αὐτῶν
1029 2610 1180 2717 ἀσόφως
1208 2616 1266 2692 καὶ

219 2745 445 2847 ἀναισθότως
468 2748 741 2849 αὐτουργεῖσθαι
765 2748 913 2847 λέγωσι,
932 2781 986 2832 τις
1014 2747 1174 2854 ἀνέξεται
1202 2748 1266 2831 τὰς

219 2881 373 2982 ἀτόμους
398 2881 537 2962 ἀκούων
557 2883 702 2984 ἐρίθους,
721 2878 771 2960 ὧν
794 2882 891 2961 καὶὸ
916 2882 1074 2985 ἀράχνης
1097 2883 1177 2960 ἐστὶ
1195 2915 1263 2961 σο·

218 3058 278 3125 illa,
294 3080 358 3137 quae
372 3058 462 3137 vulgo
475 3059 507 3116 in
519 3057 650 3137 plaustro
663 3058 718 3136 lig.
767 3058 901 3138 spectari,
915 3057 1045 3135 cogitent
1063 3077 1127 3133 quae
1146 3059 1267 3136 cogitari

172 3152 256 3198 20nn
278 3152 477 3207 numerantur,
492 3158 578 3215 quem
598 3158 718 3197 vacuum
768 3158 826 3196 non
844 3149 975 3217 possunt,
998 3158 1052 3197 nec
1066 3138 1127 3215 jam
1151 3150 1184 3197 ut
1206 3138 1265 3206 ille,

218 3239 341 3297 quoeque
349 3220 444 3279 locum
456 3220 625 3298 repererint,
637 3219 668 3276 in
682 3238 718 3277 εο
768 3219 818 3296 qui
834 3218 888 3277 hoc
909 3219 959 3277 abs
980 3218 1045 3276 Deo
1064 3218 1117 3276 sibi
1137 3220 1264 3297 patefac·

219 3312 324 3379 sponte
337 3310 587 3378 coagmentantur.
623 3300 718 3357 Faber
767 3309 831 3358 tum
858 3298 923 3358 Deo
952 3298 1008 3377 ipsi
1033 3298 1198 3366 confitetur,
1221 3299 1266 3357 his

218 3381 357 3458 lignarius
376 3380 436 3438 suis
455 3391 524 3459 apta
537 3399 659 3457 quoeque
673 3378 716 3438 lo·
768 3380 872 3446 verbis,
888 3376 1088 3470 Impegsectum
1099 3387 1177 3437 tuum
1188 3379 1264 3437 vide·

219 3461 260 3519 cis
293 3461 325 3517 in
358 3470 515 3537 utrumque
547 3470 717 3539 comportat.
768 3468 836 3518 runt
848 3460 921 3519 oculi
932 3479 994 3517 met.
1010 3460 1101 3517 Nunc
1110 3479 1187 3528 vero,
1199 3458 1265 3537 pul·

173 3562 208 3620 25
220 3540 309 3612 Quod
320 3541 344 3599 si
354 3551 406 3598 aut
415 3540 496 3598 navis
506 3541 602 3600 medio
609 3540 719 3616 jactata
768 3540 909 3599 cherrima
925 3538 976 3597 illa
994 3550 1025 3597 et
1043 3538 1265 3615 elegnnfifflmn.

219 3621 302 3687 mari,
327 3634 378 3678 aut
401 3620 564 3699 plaustrum
590 3620 621 3677 in
642 3630 719 3678 terra
768 3639 833 3697 quoe
858 3620 918 3677 suis
942 3638 979 3677 ex
1004 3618 1108 3676 atomis
1131 3629 1267 3677 contexta

219 3700 289 3759 dum
310 3701 417 3779 agitur,
439 3699 624 3766 dissolvatur,
645 3699 719 3758 utri·
768 3718 831 3757 esse
842 3697 953 3763 dicunt,
964 3698 1032 3757 dum
1044 3698 1081 3755 ab
1090 3698 1192 3757 iisdem
1204 3699 1267 3757 sine

219 3801 312 3858 usque
332 3780 412 3859 ligna
432 3779 478 3838 vel
503 3778 649 3849 fluctibus,
671 3778 718 3837 vel
768 3777 889 3838 consilio
903 3798 936 3837 ae
957 3778 1020 3837 sine
1037 3797 1123 3837 sensu
1158 3778 1267 3838 erfeeta

220 3861 341 3920 incitato
351 3862 464 3940 impetu
473 3860 541 3919 dissi
603 3870 659 3917 tur.
671 3858 719 3917 Ita
768 3879 830 3917 esse
853 3858 975 3925 addunt,
994 3858 1060 3935 quis
1077 3798 1194 3917 ῐοηάἀαι
1217 3880 1266 3917 eos

170 3964 210 4020 30
221 3940 306 4019 plane
320 3940 473 4000 dicendum
489 3940 525 3998 iis
538 3880 639 4003 mit.
652 3958 719 3997 suas
768 3939 853 4005 ferat,
869 3938 1026 4017 indigestas
1044 3958 1077 3997 ac
1097 3938 1184 3997 rudes
1203 3949 1265 3997 ato-

220 4020 284 4078 illas
298 4033 419 4087 atomos,
428 4019 507 4099 quod
516 4021 627 4087 otiosae,
639 4018 719 4096 quod
768 4038 831 4077 mos
845 4020 1044 4088 obtrudentes‚
1058 4038 1131 4096 quos
1146 4039 1268 4077 araneus

220 4099 302 4159 nulla
315 4121 403 4159 manu
414 4101 661 4179 perpolitae.quod
673 4100 716 4157 in·
768 4100 910 4179 sapientia
927 4099 1013 4177 longe
1031 4108 1158 4178 superat,
1176 4118 1266 4175 quum

220 4179 308 4241 utiles
319 4191 464 4249 maneant,
475 4192 585 4241 temere
595 4181 717 4240 circum·
768 4200 853 4239 suum
870 4180 943 4238 illud
956 4199 1031 4258 opus
1045 4188 1148 4256 suapte
1166 4177 1268 4235 indus.

219 4261 300 4321 ferri.
336 4262 477 4341 spectent
484 4263 642 4328 enimvero,
652 4279 718 4338 quoe
768 4260 826 4319 tria
839 4258 993 4318 conficiat?
1011 4259 1087 4332 Quis
1100 4257 1266 4335 aequispor-

629 4389 693 4438 ⁵1³⁸.
702 4387 816 4438 cxxxviii.
829 4386 865 4436 1⁶.
