3242 5150
261 394 313 459 IN
336 391 590 462 ANCYRANI
616 392 833 458 CONCILII
859 391 1088 458 anONES.
1157 394 1223 464 1⁴9

173 565 483 651 Attendspuodson
503 561 1226 650 dicu,etoroptaeeopismltempmtrsscss·

174 663 1227 753 mwpebamsorcimrs,ndsosaeserliemsasu

168 780 323 856 precepto
345 768 477 855 episcopi
499 766 559 844 ssi,
585 767 635 832 cel
659 765 767 845 literis,
795 768 831 832 in
855 786 1045 854 uusquequo
1065 767 1227 854 ραιυαίῖα.

177 871 230 944 Sic
245 871 429 948 Rhsbsuus,
444 869 498 956 qui
513 869 768 956 archiepiscopus
782 869 899 934 soecnlo
913 891 1000 934 nouo
1012 869 1075 934 fuit
1090 868 1229 956 Mogun·

177 974 276 1050 tinus,
305 996 337 1059 p.
357 976 448 1059 1361.
474 973 523 1038 sch
549 971 730 1036 Rsluzianoe
758 973 893 1058 Operam
917 973 1010 1038 Petri
1037 971 1076 1036 ds
1103 972 1229 1036 Marsa.

179 1076 277 1140 Adde
300 1076 385 1160 quod
405 1073 551 1140 similiter
575 1073 624 1138 vol
650 1072 784 1158 triginta
806 1074 856 1139 vsi
880 1074 1016 1139 sorsitm
1032 1074 1160 1140 circiter
1184 1074 1230 1138 vi·

178 1176 260 1263 giuti
285 1195 387 1241 anuos
405 1183 480 1262 post
502 1176 692 1261 Ancyranos
712 1175 907 1240 Antiocheui
925 1176 966 1240 de
985 1175 1231 1262 Oborepisoopis

180 1279 214 1344 in
238 1281 362 1344 Cottone
376 1279 420 1344 X.
445 1278 515 1344 baec
539 1278 745 1350 statuebanbz
782 1278 904 1342 Είδέναι
925 1280 963 1342 rh
987 1280 1101 1342 ἓαυπόν
1125 1276 1231 1358 μίτρα,

182 1381 231 1445 καὶ
253 1385 375 1446 διοικεῖν
396 1383 449 1448 τός
471 1379 666 1460 ὑποκειμένας
690 1380 789 1446 αὐτοῖς
810 1381 980 1457 ἐκκλησίας,
997 1380 1045 1443 καὶ
1065 1382 1100 1465 τῇ
1120 1379 1233 1442 ποίεον

182 1484 338 1564 ἀρκεῖσθαι
351 1485 486 1564 φροντίδι
502 1484 550 1546 καῖ
570 1483 735 1566 κηδεμονίᾳ·
764 1485 909 1564 εαθισπᾷν
923 1483 956 1544 bi
976 1482 1172 1563 δυαγνόσπας
1185 1481 1235 1544 καί

182 1586 404 1660 ὑποδιακόνους,
428 1585 476 1648 καὶ
498 1586 687 1665 ἐφορκιστδς,
703 1584 752 1647 καὶ
773 1587 809 1669 τῇ
832 1584 945 1646 τοίνυν
966 1582 1122 1662 ἀρκεῖσθαι
1142 1605 1235 1662 spos·

184 1686 276 1768 γυγῇ,
291 1685 365 1766 μήτε
386 1687 420 1748 δὲ
442 1686 648 1766 πρεσβύτερον
661 1683 734 1764 μήτε
750 1683 890 1748 διάκονον
908 1687 1093 1766 χειροτονεῖν
1106 1681 1234 1765 τολμᾷν,

185 1788 256 1869 δίχα
266 1792 319 1850 τοῦ
327 1785 362 1850 ε’ν
373 1788 408 1867 τῇ
420 1788 509 1852 πόλει
520 1783 721 1866 intercessuri
732 1789 903 1852 ὑπόκεινται
913 1785 1000 1853 αὐτός
1010 1810 1044 1850 πε
1055 1784 1103 1848 καῖ
1113 1784 1131 1864 ἡ
1141 1785 1235 1867 χείρα.

230 1890 341 1974 Atque
367 1888 415 1953 its
440 1909 491 1952 rss
522 1885 735 1968 dirimeretur,
760 1889 821 1953 nisi
846 1889 873 1952 ei
898 1889 942 1952 ab
967 1893 1104 1973 utraque
1132 1893 1235 1972 purte,

186 1997 254 2053 tam
268 1989 437 2074 episcopali
458 2011 554 2073 quam
577 1990 819 2074 presbyteram,
837 1991 1019 2076 oppositum
1038 1996 1134 2064 esset,
1149 1989 1237 2054 haud

187 2113 267 2176 opus
280 2090 376 2155 ruisse
390 2090 423 2154 in
438 2112 559 2155 canone
574 2091 746 2176 Ancyrauo
761 2093 922 2158 mentione
932 2091 1178 2178 presbyterem
1196 2091 1239 2154 αι’-

187 2192 302 2267 citatis
317 2200 355 2256 ut
369 2214 409 2256 ne
423 2191 466 2255 illi
482 2213 503 2256 a
522 2192 755 2278 chorepiscopis
772 2194 841 2258 sins
855 2195 994 2280 episcopi
1007 2194 1137 2259 licentio
1150 2193 1235 2257 ordi·

188 2303 350 2372 narentur,
367 2315 438 2358 cum
453 2293 629 2379 presbyteri
644 2303 679 2360 et
689 2295 814 2359 diaconi
825 2295 857 2358 in
867 2318 995 2381 genere,
1007 2302 1045 2359 ut
1055 2295 1240 2379 loquuntur,

189 2403 265 2460 ante
289 2396 527 2460 commemorati
550 2395 703 2470 fuissents
738 2403 772 2462 ct
797 2405 965 2482 praeteroa,
990 2404 1029 2462 ut
1052 2413 1121 2460 rem
1146 2404 1241 2481 urget

191 2498 391 2584 stemgius,
403 2498 431 2562 si
444 2520 503 2562 noc
518 2497 645 2563 vicanos
659 2500 864 2585 presbyteros
878 2499 1072 2564 constituero
1089 2504 1242 2581 poterant

191 2596 417 2686 chorepiscopi,
433 2600 535 2665 multo
554 2602 657 2687 magis
675 2603 814 2667 urbsuos
828 2624 892 2666 nou
912 2601 1064 2666 licuisset.
1102 2603 1153 2665 At
1166 2619 1241 2664 vero

193 2702 364 2789 Bevcregio
386 2704 524 2787 quidem,
548 2704 598 2767 cui
621 2713 742 2781 uotum,
765 2704 875 2781 humo,
899 2711 937 2769 ut
960 2722 1001 2766 ex
1023 2702 1073 2767 sui
1096 2701 1244 2785 δμαοόίεί

192 2812 285 2871 textu
304 2811 443 2883 constat,
459 2804 628 2889 praelatsnn
648 2813 697 2871 est
717 2806 794 2870 illud
810 2808 894 2870 ἀλλὰ
911 2805 970 2885 μὴν
987 2807 1062 2885 pubi
1081 2826 1140 2889 pro
1160 2804 1244 2867 ὀλλδ

192 2910 277 2988 μηδὲ,
293 2928 379 2983 vcra,
394 2908 427 2971 ni
442 2906 543 2983 isllor,
560 2916 721 2994 utcunque
736 2908 892 2993 neglecta,
906 2905 967 2971 loci
981 2906 1076 2991 hujus
1089 2906 1244 2990 interpre-

194 3009 276 3074 tatio
302 3009 389 3073 haud
413 3010 549 3075 obscura
574 3032 643 3075 esse
669 3011 834 3076 debuerat.
878 3010 989 3076 Conon
1014 3006 1163 3072 nimirum
1184 3007 1245 3084 ait,

197 3111 418 3197 obseptam
442 3132 501 3177 nos
524 3112 612 3178 licere
630 3111 817 3197 presbyteros
839 3122 896 3177 ast
919 3112 1061 3177 dissonos
1087 3108 1243 3185 maan,

195 3213 311 3277 nedum
326 3212 513 3298 presbyteros
535 3215 685 3288 σίοῖίαίίνς
710 3236 784 3279 nam
811 3212 1027 3299 chorepiscopi
1049 3209 1190 3276 nonnulli
1211 3210 1246 3273 in

195 3314 228 3378 id
243 3336 380 3401 quoquc,
396 3317 480 3399 quod
495 3316 599 3402 majus
613 3324 672 3395 est,
688 3316 720 3379 in
735 3316 994 3401 presbyterorum
1007 3311 1146 3378 civitatis
1161 3310 1246 3374 ordi-

196 3417 358 3482 nationem
378 3416 562 3483 involavisse
576 3418 725 3483 videntur
744 3418 881 3483 limitum
896 3436 1026 3481 suorum
1041 3413 1141 3478 obliti.
1184 3410 1247 3475 Ne-

197 3540 260 3603 que
280 3518 374 3585 slitar
388 3520 486 3585 etiam
501 3520 680 3605 antiquitus
699 3521 844 3584 Zonaras
861 3535 1016 3583 canonem
1034 3513 1248 3600 exposuits-

197 3622 280 3685 όλλδ
301 3624 375 3702 μηδὲ
398 3626 620 3705 πρεσβυτέρους
643 3625 677 3687 ἐν
698 3624 808 3687 πόλεσι
832 3623 986 3703 καθιστᾷν,
1006 3620 1034 3683 εί
1051 3621 1110 3699 γὰρ
1130 3618 1166 3680 ίν
1184 3620 1249 3681 ταῖς

197 3725 305 3807 χαίροις
322 3726 357 3788 iv
376 3726 423 3793 αῖς
444 3728 658 3790 ἐπισκοποῦσιν
672 3726 707 3789 οὐ
727 3726 868 3789 δύνανται
880 3726 1066 3806 χειροτονεῖν
1084 3718 1151 3785 τοὺς
1169 3720 1246 3798 ripn-

198 3825 315 3905 μίνους,
337 3832 515 3893 ΜΑΛΛΟΝ
537 3830 571 3892 ίν
592 3826 702 3891 πόλεσι
719 3832 805 3891 τοῦτο
825 3831 924 3890 ποιεῖν
944 3824 1119 3887 κωλύονται.
1167 3821 1248 3883 Pst-

200 3926 330 3994 ticulsm
345 3927 468 3994 interea
481 3930 541 4010 μὴν
554 3929 588 3992 iu
602 3930 665 3994 isto
685 3931 767 3993 ἀλλὰ
788 3929 847 4009 μὴν
860 3929 944 4008 μηδδ,
960 3944 1027 3989 rem
1041 3922 1187 3988 additam
1201 3921 1250 3986 vsi

200 4028 305 4094 acrius
333 4031 566 4116 prohibentem,
594 4038 771 4117 agnoscunt
804 4029 915 4114 scripti
945 4025 1111 4091 Bodlciaas'
1142 4044 1250 4101 mun,

202 4127 406 4215 Josnnssque
420 4130 652 4209 Antiooheuus,
667 4130 728 4195 etsi
748 4130 831 4195 edito
847 4128 986 4194 Concilio
1001 4136 1099 4213 atqua
1115 4127 1252 4190 Conona

203 4230 336 4295 caudam
358 4231 521 4299 omittunt.
567 4234 670 4297 Porro
689 4232 825 4317 exempli
841 4232 959 4318 gratia,
974 4229 1119 4295 similitor
1140 4226 1252 4291 scribit

204 4330 404 4419 Epiphanius
426 4334 459 4398 in
481 4336 598 4399 Hares.
618 4335 715 4399 lxxix.
736 4356 822 4400 num.
832 4355 865 4421 5.
889 4340 982 4399 Ποῖος
1003 4334 1163 4413 προφηπῦν
1184 4327 1253 4392 iri·

205 4442 319 4517 πρεψευ
333 4436 491 4519 ἄνθρωπον
504 4444 745 4519 προσκυνεῖσθαι,
762 4440 797 4503 οὐ
815 4439 875 4518 μὴν
893 4442 1020 4518 γυναῖκα
1038 4431 1157 4512 λόγωι
1180 4450 1252 4515 Μ·
