3242 5150
526 1143 572 1247 S,
618 1143 988 1244 PHILEAS.

620 1397 889 1432 *-

336 1591 372 1662 S.
392 1591 657 1677 Hisnouuuus,
675 1589 751 1662 Lib.
769 1590 827 1662 De
853 1591 949 1663 Viris
965 1591 1177 1678 luntrium,

563 1739 638 1808 esp.
657 1717 792 1786 lxxviii.
811 1739 844 1807 p.
859 1713 941 1794 169.

231 1837 477 1952 PHILEAS
494 1884 539 1952 de
564 1882 651 1952 urbe
679 1881 834 1975 AEgypti,
859 1905 940 1972 qnae
964 1894 1112 1954 vocetur
1129 1884 1281 1956 ''lbmu

229 2007 268 2086 is,
296 2001 426 2074 bnobili
455 2027 595 2098 genere,
626 2013 663 2074 et
698 2027 769 2082 nou
803 2006 919 2096 parvis
949 2005 1084 2097 opibus,
1115 2019 1279 2101 suscepto

229 2125 443 2217 episcopatu,
478 2126 797 2218 “elegantissimum
832 2127 962 2197 librum
997 2130 1042 2198 de
1077 2128 1279 2224 Martyrum

228 2247 333 2318 laude
363 2249 581 2340 composuit:
620 2257 658 2317 et
687 2243 946 2339 tldisputatione
971 2260 1131 2321 sotorum
1157 2252 1280 2323 babitu

227 2372 412 2442 adversum
433 2372 603 2462 judicem,
630 2371 690 2462 qui
711 2393 793 2440 eum
820 2371 1015 2442 sacrificare
1037 2374 1197 2466 cogebat,
1215 2397 1278 2467 pro

228 2493 369 2565 Christo
399 2495 515 2587 eapite
537 2503 743 2577 truncatum
786 2494 930 2563 ‘eodem
957 2495 993 2562 in
1019 2495 1175 2589 AEgypto
1200 2518 1278 2589 per-

226 2619 416 2689 secutionis
432 2626 585 2700 auctore.
603 2641 674 2708 quo
692 2615 870 2687 Lucienus
885 2616 1115 2688 Nicomediae.

268 2849 283 2881 ⁸
305 2838 404 2897 Hodie
420 2837 564 2896 Damintn.
585 2837 651 2896 vide
665 2836 728 2896 Jsc.
745 2838 865 2896 Golium
888 2838 925 2897 nd
946 2837 1141 2915 Alfrngnnum
1162 2859 1191 2917 p.
1207 2840 1276 2899 292.

226 2943 369 3019 Ejusdem
384 2944 464 3003 urbis
473 2943 584 3002 mentio
597 2943 672 3002 inire
686 2964 710 3002 ο.
725 2945 774 3004 99.
792 2944 979 3003 Psnniows.

265 3045 282 3090 b
304 3048 412 3107 Euseb.
431 3048 490 3106 vili.
509 3049 539 3108 9.
580 3054 673 3107 Φιλίας
693 3074 722 3105 τι
742 3056 789 3120 τῆς
810 3055 946 3120 θμονῖτόν
966 3052 1103 3120 ἐκκλησίαι
1124 3050 1275 3117 ἐπίσκοποι.

223 3156 371 3227 daupi-lens
384 3156 447 3229 α’νὴρ
461 3159 516 3213 ταῖς
529 3158 593 3211 κατὰ
603 3156 650 3225 τὴν
663 3154 774 3229 πατρίδα
788 3158 931 3213 notantes
951 3180 980 3212 τι
998 3160 1039 3212 καὶ
1052 3157 1235 3231 lampius,
1249 3159 1278 3211 iv

222 3284 252 3315 τι
267 3263 321 3317 τοῖς
334 3262 397 3316 κατὰ
411 3259 579 3333 φιλοσοφίαν
592 3264 691 3335 λόγοις.
715 3260 903 3319 Famulus.

265 3373 278 3405 ⁰
300 3363 372 3422 Hoee
386 3374 431 3423 est
453 3364 587 3441 Epistola
603 3364 712 3423 Phileto
733 3364 769 3423 ad
784 3363 940 3430 Thmuitus
958 3384 995 3422 ex
1017 3384 1075 3441 qun
1095 3363 1223 3441 emplum
1245 3374 1276 3423 st

222 3468 336 3545 insigne
350 3467 546 3544 fragmentum
562 3468 688 3528 servavit
703 3468 851 3528 Eusebius
865 3469 926 3526 viii.
942 3470 988 3527 10.
1012 3469 1198 3527 annioms.

263 3568 334 3641 ἁ,Ιιι
358 3574 441 3632 Actis
462 3572 609 3631 Passionis
633 3572 742 3637 Phileae
767 3592 873 3651 pruses
896 3573 944 3631 hic
969 3572 1076 3631 dieitur
1103 3571 1273 3632 Culcinnus.

223 3680 296 3739 Fuit
317 3690 414 3739 autem
429 3678 587 3737 Culciouus
608 3699 713 3759 praeses
734 3678 901 3743 Thebaidis,
917 3689 951 3736 ut
972 3677 1058 3737 dooet
1077 3678 1273 3757 Epiphnnius.

222 3786 351 3845 Proinde
367 3785 484 3845 Phileas
498 3804 599 3864 possus
613 3796 657 3844 est
672 3784 702 3843 in
722 3784 882 3851 Thebaide,
897 3804 955 3842 non
974 3793 1070 3843 nutem
1085 3781 1275 3849 Alexandria,

221 3900 257 3947 ut
271 3889 386 3966 quidem
407 3899 521 3968 putent.
565 3889 648 3961 Quos
663 3890 693 3947 in
712 3908 840 3947 errorem
860 3887 979 3946 induxit
998 3885 1121 3945 Eusebii
1140 3884 1222 3944 locus
1238 3905 1275 3944 ex

223 4014 287 4073 esp.
306 3996 352 4053 10.
368 3994 419 4053 ubi
448 3994 558 4054 Pbileae
579 3994 703 4072 epistola
724 3994 860 4059 refertur,
882 4012 968 4071 quom
992 3990 1042 4050 ille
1063 3989 1099 4048 nd
1121 3989 1276 4050 Thmuitns

217 4099 334 4177 scripsit
347 4098 531 4168 Alexandria,
546 4098 634 4179 poulo
648 4110 716 4158 ente
730 4118 852 4177 agonem
866 4096 997 4175 martyrii
1011 4095 1067 4154 sui.
1096 4093 1222 4161 Verum,
1235 4106 1270 4153 ut

198 4264 203 4273 ,
217 4202 291 4269 dixi,
307 4201 466 4261 Culeinnus
480 4222 585 4282 preses
597 4202 764 4270 Thebaidis,
779 4222 796 4260 α
810 4220 870 4278 quo
883 4200 1038 4259 damnatus
1051 4208 1106 4263 est,
1118 4196 1274 4260 manifesto

218 4306 317 4385 arguit
346 4305 429 4365 iilum
456 4307 487 4365 iu
512 4306 661 4375 Thebaide
689 4326 804 4385 pessum
830 4304 930 4365 fnisse.
974 4304 1113 4361 Ceterum
1138 4310 1202 4358 nete
1224 4298 1276 4356 ille
