3242 5150
311 410 362 473 IN
388 409 642 473 ANCYRANI
668 408 885 472 CONCILII
911 409 1139 472 CANONES.
1184 409 1242 471 141

203 579 266 644 ullo
280 601 319 644 ox
335 575 485 642 οοόῖσῖδιικ
499 576 679 641 Βοάίοῖααὶο
693 583 811 661 praeter
829 597 925 638 unum
941 575 1004 638 σαά.
1023 594 1095 659 715.
1111 577 1249 660 positum

202 679 314 744 ῖπυααί.
376 678 571 742 Praestitisse
610 699 736 762 quoque
770 677 893 761 Lloydii
923 679 996 740 MS.
1023 685 1056 740 et
1083 676 1250 740 Pedalium

203 781 342 861 ἐξετάσαι
363 802 446 844 nunc
470 779 570 844 video.
615 780 750 844 Zonarae
775 780 1032 843 Οοηυνααίατῖυοτ
1060 783 1098 844 EI
1119 779 1154 842 δέ
1174 804 1253 844 τινες

203 886 237 948 έν
258 885 344 964 ἑορτῇ
368 886 468 962 ἐθνικῇ
492 882 744 958 συνειστιάθησαν
767 883 894 948 ἐθνικαῖς
913 884 946 945 έν
965 884 1100 948 ἀπίστοις
1119 884 1153 945 έν
1172 884 1252 965 τόπῳ

203 984 402 1068 ἀφωρισμένῳ
417 989 478 1050 ταῖς
493 986 628 1058 ἐθνικαῖς,
645 985 679 1045 έν
695 985 834 1046 εῖδωλείω
850 983 951 1064 τυχὸν,
967 980 985 1060 ἢ
1007 983 1093 1066 ἄλλῳ
1113 984 1194 1066 τόπῳ
1210 985 1252 1048 είς

203 1089 327 1152 τελετὰς
341 1086 440 1152 αὐτοῖς
455 1084 635 1164 τελουμένας
650 1083 804 1168 ἀνειμένῳ,
819 1081 873 1166 κᾷν
883 1087 941 1149 ἴδια
951 1086 1096 1164 βρώματα
1111 1087 1254 1162 ἐκόμισαν

203 1189 252 1252 καὶ
278 1187 396 1267 ἔφαγον
419 1190 448 1250 αῖ
470 1188 580 1256 πιστοὶ,
604 1187 639 1249 δι’
664 1187 734 1250 αὐτὸ
757 1187 859 1264 μέντοι
881 1189 916 1248 τὸ
939 1184 1253 1272 συνεστιαθῆναιέτοῖς

204 1291 340 1360 ἐθνικαῖς,
359 1290 406 1352 καὶ
426 1291 501 1352 οὕτω
523 1289 605 1365 δόξαι
625 1286 826 1368 συνεορτάσαι
844 1288 953 1362 αὐτοῖς,
977 1286 1061 1364 ἔδοξε
1071 1287 1116 1374 ξτῃ
1137 1290 1252 1371 συνόδῳ

203 1392 315 1453 διετίαν
343 1393 508 1452 ὑποπεσεῖν
537 1389 651 1461 αὐτοὺς,
682 1389 817 1452 τουτέστι
842 1392 917 1467 μετδ
942 1395 1001 1451 τῶν
1026 1388 1253 1472 κατηχουμένων

203 1494 345 1555 ἵστασθαι
365 1492 413 1554 καὶ
428 1491 485 1553 σὺν
500 1491 600 1555 αὐτοῖς
616 1488 735 1567 ἐξιέναι,
753 1492 801 1552 καὶ
816 1494 891 1568 μετὰ
905 1491 959 1567 τὴν
976 1492 1086 1552 διετίαν
1101 1494 1251 1571 δεχθῆναι.

204 1595 282 1658 ὅπως
296 1595 329 1655 δέ
351 1593 408 1674 χρὴ
430 1593 557 1655 ἕκαστον
580 1593 675 1654 αὐτῶν
696 1596 848 1674 δεχθῆναι,
871 1594 930 1655 εἴτε
950 1593 998 1654 καὶ
1019 1595 1061 1657 είς
1081 1591 1254 1672 μετάληψιν

204 1700 263 1758 τῶν
281 1694 483 1776 δγιιισμάτων,
497 1697 555 1756 εἴτε
568 1696 609 1759 είς
623 1695 717 1772 μόνην
733 1694 786 1770 τὴν
801 1697 878 1772 μετὰ
892 1700 951 1756 τῶν
965 1699 1078 1756 πιστῶν
1094 1695 1252 1767 σύστασιν,

204 1803 264 1860 τῶν
286 1798 455 1860 ἐπισκόπων
474 1796 547 1868 έστὶ,
565 1797 653 1875 φασὶ,
669 1794 836 1872 δοκιμάσαι,
854 1795 970 1858 καὶτὸν
984 1795 1081 1857 ἄλλον
1097 1797 1169 1872 βίον
1185 1794 1253 1858 έκά-

205 1925 279 1962 στου
306 1899 444 1978 ἐξετάσαι
517 1897 626 1962 Etiam
653 1898 793 1980 pulchrae
820 1898 1024 1962 confessionis
1051 1897 1128 1962 illud
1159 1899 1254 1962 fuisse

204 2007 331 2082 partem
350 1999 475 2082 judicat
490 1999 619 2083 culpata
634 2007 741 2062 tamen
761 2001 802 2062 ad
820 2000 936 2063 festum
956 2001 1134 2064 accessione
1148 2000 1254 2064 Lucas

205 2101 372 2178 Οαίιιπάοτ,
389 2103 472 2185 quod
494 2102 603 2186 epulas
623 2123 697 2164 suas
717 2123 823 2165 seeum
841 2102 1021 2179 attulerint,
1036 2124 1137 2186 neque
1152 2102 1249 2166 idolo-

205 2203 307 2288 thytis
331 2205 411 2268 vesei
433 2204 598 2268 volueriut.
638 2204 707 2267 Vid.
728 2208 835 2288 Apoet.
856 2215 884 2268 et
907 2205 1018 2268 Coneil.
1040 2207 1179 2278 Decreta,
1203 2208 1253 2270 ed.

206 2306 370 2391 Ehingeri‚
381 2328 412 2390 p.
423 2307 477 2389 58.
514 2308 632 2370 Verum
643 2307 755 2370 dubito
770 2308 810 2370 de
825 2307 946 2390 pietate
960 2308 1161 2372 convivarum
1176 2309 1252 2372 isto-

205 2429 288 2484 rum,
304 2408 356 2492 qui
371 2407 453 2472 festo
469 2407 520 2470 die
538 2408 665 2472 ethnico
683 2410 724 2472 ad
741 2409 916 2472 convivium
937 2410 1070 2493 profecti
1093 2411 1157 2474 sint
1178 2433 1252 2495 pru-

206 2509 319 2575 dentes
342 2519 375 2575 οδ
398 2511 542 2577 scientes.
592 2512 708 2577 Confer
729 2533 801 2576 oum
824 2513 883 2576 hoc
907 2533 1028 2577 canone
1048 2522 1197 2597 quartum
1220 2524 1254 2579 et

207 2613 363 2697 quintum.

595 2749 749 2815 GANON
767 2752 865 2813 VIII.

252 2858 289 2922 P.
310 2879 379 2940 117.
395 2860 414 2923 l.
436 2862 484 2924 18.
500 2862 541 2925 Οί
556 2863 588 2924 δὲ
606 2864 745 2942 δεύτερον
762 2862 809 2924 καὶ
823 2861 922 2941 τρίτον
943 2860 1014 2945 δια]
1030 2860 1193 2925 Zonaras:
1210 2861 1253 2927 ‘A

207 2964 263 3041 μέν
279 2964 313 3025 έν
327 2968 389 3027 ταῖς
403 2964 540 3043 ἀνωτέρω
556 2964 681 3025 κανόσιν
696 2966 807 3043 εἴρηται
822 2964 890 3042 περὶ
909 2968 968 3026 τῶν
988 2960 1071 3041 ἅπαξ
1087 2963 1253 3039 θυσάντων,

207 3066 237 3127 αῖ
251 3066 301 3142 τῆς
316 3066 443 3127 συνόδου
458 3068 564 3143 ταύτης
578 3064 704 3145 πατέρες
718 3064 900 3143 διετάξαντο·
924 3070 977 3128 νθν
995 3068 1027 3127 δέ
1048 3066 1096 3130 καὶ
1110 3069 1178 3148 περὶ
1197 3076 1255 3133 τῶν

207 3164 251 3229 δὶς
264 3160 282 3241 ἢ
296 3164 357 3242 τρῖς
372 3165 405 3225 έκ
419 3165 490 3241 βίας
504 3166 669 3228 τεθυκότων
684 3167 789 3247 φασὶν,
808 3166 859 3232 ote
883 3168 930 3229 καὶ
952 3167 1122 3246 τετραετίαν
1142 3167 1257 3250 διάγειν

207 3262 243 3327 έν
261 3267 430 3329 ύπαπτάσει
452 3270 635 3342 κελεύουσιν,
652 3266 701 3330 ε’πὶ
723 3270 834 3331 διετίαν
853 3271 885 3330 δὲ
904 3268 1003 3345 άλλην
1022 3276 1173 3332 κοινωνεῖν
1195 3280 1257 3339 τοῖς

207 3372 335 3438 πιστοῖς,
350 3366 415 3444 ἤτοι
437 3368 637 3431 συνίστασθαι
658 3369 766 3441 αὐτοῖς,
784 3371 832 3432 καὶ
854 3371 1055 3451 συνεύχεσθαι
1075 3372 1146 3435 ἀνευ
1165 3398 1257 3453 προσ·

208 3470 312 3547 φορᾶς,
328 3468 420 3549 ἤγουν
435 3474 486 3547 τῆς
500 3476 552 3532 τοῦ
569 3473 683 3553 ἀγαθοῦ
702 3471 911 3553 μεταλήψεως,
929 3473 978 3534 καὶ
999 3476 1039 3557 τῷ
1061 3475 1179 3559 ἑβδόμῳ
1198 3478 1258 3540 ἔτει

208 3572 329 3637 τελείως
358 3570 510 3654 δέχεσθαι,
541 3574 676 3636 τουτέστι
700 3576 748 3636 καὶ
771 3576 813 3640 είς
837 3573 1009 3654 μετάληψιν
1032 3581 1084 3637 τοῦ
1108 3577 1258 3659 ἀχράντου

210 3674 344 3751 σώματος
359 3675 407 3737 καὶ
422 3676 544 3754 αἵματος
558 3681 610 3738 τοῦ
626 3678 745 3755 Κυρίου.

608 3850 759 3916 OANON
784 3852 852 3915 IX.

255 3959 291 4021 Ρ.
312 3962 382 4023 118.
398 3960 419 4023 I.
433 3981 465 4038 4.
487 3958 581 4026 Ὀσαι
600 3964 633 4024 δέ
652 3961 692 4041 μὴ
711 3960 782 4046 δια]
804 3961 882 4025 Οπιι.
899 3960 1076 4025 Nieaen.x1.
1094 3961 1258 4027 Humum.

210 4060 374 4125 Zonaras:
399 4064 436 4125 El
451 4063 484 4126 δέ
499 4088 577 4129 τινες
592 4063 627 4126 αθ
641 4065 734 4142 μόνον
754 4064 931 4142 ἀπέστησαν
951 4068 1001 4142 τῆς
1019 4067 1061 4131 είς
1080 4066 1134 4129 τδυ
1151 4069 1261 4148 Κύριον

210 4161 347 4237 πίστεως,
362 4163 445 4226 ἀλλά
460 4164 507 4227 καὶ
524 4162 743 4241 ἐπανέστησαν,
761 4166 828 4228 ἀντὶ
848 4170 899 4228 τοῦ
921 4167 983 4229 κατ’
1003 4168 1090 4247 αὐτῆς
1109 4168 1260 4249 έγένουτο,

212 4264 261 4327 καὶ
274 4262 450 4345 ἠνάγκασαν
468 4267 617 4347 ἀδελφοὺς
638 4265 771 4345 θῦσαι,ἢ
794 4268 843 4331 καὶ
862 4270 951 4332 αίτιοι
972 4268 1113 4349 ἐγένοντο
1132 4272 1261 4351 ἀναγκα-

214 4369 321 4443 σθῆναι
337 4368 453 4444 αύταὺς,
466 4368 531 4431 οῖον
542 4372 693 4449 φυγόντας
705 4370 752 4434 καὶ
764 4370 980 4449 κρυπτομένους
992 4375 1261 4450 καταμεμηνυκότες
