3242 5150
377 359 443 420 422
711 351 1093 418 ANNOTATIONES

378 524 577 610 Eoonpolioae
591 545 665 609 pag.
680 539 753 606 772.
769 545 857 607 seqq.
873 523 922 586 ed.
940 521 996 585 Fr.
1012 521 1117 607 Vigeri
1134 527 1310 596 servantur,
1327 523 1382 607 qui
1398 523 1432 587 in

378 626 470 692 Notis
492 627 561 691 haeo
587 625 717 698 seribit;
747 623 1033 689 “Puloherrimum
1061 625 1122 689 hoo
1152 623 1185 688 S.
1206 627 1315 690 Patris
1344 627 1431 712 freg-

377 736 400 766 “
414 736 569 805 mentum,
584 730 669 813 quod
684 728 726 792 ad
737 727 810 791 libri
825 727 920 812 hujus
931 727 994 790 xiv.
1010 727 1105 790 linem
1119 727 1314 808 perducitur,
1331 728 1431 792 Euse-

379 839 399 867 “
412 831 516 895 bianae
531 830 705 915 diligentia
725 829 913 894 beneficium
932 837 991 903 est,
1008 851 1070 914 quo
1090 827 1217 913 alioqui,
1233 839 1353 913 praeter
1366 829 1431 893 alia

377 932 566 1018 “pleraque
580 930 805 1016 sapientissimi
821 930 877 993 viri
894 930 1099 1006 monimenta,
1114 931 1323 994 careremus?
1356 931 1431 1016 lpse

377 1040 487 1098 autem
509 1033 666 1098 Eusebius
691 1031 794 1114 ῥήσεις
822 1031 1034 1116 Dionysianas
1060 1032 1144 1095 buno
1170 1031 1204 1094 in
1229 1034 1359 1096 modum
1384 1033 1431 1096 in-

378 1136 481 1201 duxit.
518 1138 648 1200 Ταῦταὸ
665 1133 807 1198 Πλάτιιν.
832 1133 914 1215 Ἐγὼ
926 1133 960 1196 δέ
975 1157 1025 1197 σοι
1041 1135 1088 1197 καί
1104 1137 1276 1212 Διονυσίου,
1291 1138 1343 1213 τῆς
1355 1139 1431 1198 rard

378 1239 512 1320 Χριστὸν
533 1239 722 1320 φιλοσοφίας
741 1237 905 1299 ἐπισκόπου
927 1234 1042 1316 ἀνδρὸς,
1060 1235 1118 1298 ἀπὸ
1140 1241 1199 1298 τῶν
1220 1237 1431 1317 περὶφύσεως

377 1340 499 1423 βραχέα
512 1346 572 1403 τῶν
584 1338 658 1421 πρὸς
670 1338 850 1419 Ἐπίκουρον
864 1338 1083 1418 ἀντειρημένων
1090 1337 1310 1420 παραθήσομαι.
1342 1340 1386 1402 Σὺ
1397 1342 1431 1402 ἀὲ

377 1442 486 1520 λαβὼν
507 1441 659 1522 ἀνάγνωθι
679 1442 733 1506 τάς
753 1441 846 1506 οὕτως
868 1440 999 1522 ἐχούσας
1016 1439 1105 1502 αὐτοῦ
1126 1439 1238 1520 φωνάς.
1275 1440 1431 1504 Hactenus

377 1540 482 1605 Pluto.
526 1541 622 1604 Νααο
640 1538 735 1622 juvas
762 1539 855 1602 etiam
883 1561 920 1602 ον
947 1539 1094 1622 Dsbnysii
1128 1538 1270 1624 episcopi,
1299 1541 1431 1604 dominis

382 1641 593 1706 Christianam
608 1639 833 1726 philosophiam
851 1639 997 1724 professi,
1022 1661 1116 1724 opero,
1140 1641 1221 1726 quod
1239 1642 1276 1706 ds
1298 1645 1430 1707 Νιαιιτο

377 1744 561 1829 sempsit,
576 1764 682 1828 ραιισσ
696 1741 837 1826 quodum
851 1764 866 1805 e
885 1741 997 1818 mullis,
1012 1763 1081 1826 quoe
1098 1743 1243 1807 adversio
1256 1745 1431 1830 Εριῖαινιιαι

377 1844 528 1929 disputat,
543 1843 728 1929 ιιιάρὶιυρονι.
773 1844 822 1906 Tu
836 1841 925 1906 serta
938 1842 1001 1926 ηἰιο
1011 1843 1165 1928 ι’ριίοοίιιια
1172 1845 1300 1933 perlegis.
1346 1848 1431 1911 Tum

378 1968 453 2010 vero
468 1947 567 2031 oapiti
583 1965 634 2031 23.
649 1968 712 2031 quo
733 1945 837 2030 prima
856 1948 941 2026 ῥῆσις
959 1951 1060 2019 extat,
1076 1946 1128 2011 bio
1147 1949 1260 2014 titulus
1280 1950 1429 2035 praefixus

377 2054 445 2111 est:
464 2048 546 2128 Πρὸς
560 2047 628 2112 τοὺς
644 2046 705 2110 κατ’
718 2045 896 2126 Ἐπίκουρον
910 2047 1054 2127 πρόνοιαν
1068 2051 1124 2126 μὲν
1139 2051 1347 2131 ἀρνουμένους,
1361 2055 1430 2116 ἀτό-

375 2174 444 2228 μοις
469 2151 502 2212 δὲ
528 2150 666 2227 σώμασιν
691 2148 886 2215 ἀνατιθέντας
908 2148 942 2211 τὸ
966 2153 1034 2222 πᾶν.
1055 2151 1116 2213 ἀπὸ
1137 2157 1197 2213 τῶν
1219 2153 1287 2233 περὶ
1309 2155 1431 2233 φύσεως

378 2252 540 2314 Διονυσίου
554 2255 608 2313 τοῦ
622 2253 785 2314 ἐπισκόπου
799 2249 1036 2332 Ἀλεξανδρείας.
1082 2251 1238 2316 Adversus
1250 2254 1429 2338 Epicureos,

376 2351 431 2436 qui
444 2361 472 2414 οι
481 2351 707 2437 providentiam
721 2352 869 2425 tollebant,
881 2362 909 2416 et
923 2352 1095 2418 individuis
1105 2353 1277 2440 corporibus
1286 2357 1430 2421 enimse

376 2452 557 2519 tribuebuat.
603 2457 655 2517 Er
670 2455 819 2538 Dionysii
833 2454 1042 2519 Alexandrini
1056 2457 1184 2542 αρίιοορί
1204 2457 1293 2522 libris
1308 2461 1344 2524 de
1358 2461 1428 2524 Να-

377 2568 460 2624 tura.
493 2558 644 2624 (laterum
655 2558 716 2622 etsi
726 2580 795 2642 ope,
811 2565 850 2622 ut
860 2557 935 2622 alibi
947 2556 1150 2635 dixi,eodiois
1160 2557 1232 2622 MS.
1243 2558 1296 2643 qui
1310 2559 1344 2622 in
1354 2559 1429 2624 Col·

376 2663 458 2747 legio
476 2665 509 2726 S.
520 2661 544 2724 J
546 2662 658 2726 oannis
667 2661 825 2746 Baptistae
835 2660 950 2725 Oxonii
966 2668 1119 2737 servatur,
1130 2660 1329 2744 Dionysiana
1339 2660 1428 2725 istaeo

376 2764 519 2851 pluribus
532 2764 610 2829 loeis
624 2765 794 2828 emendare
817 2762 919 2848 potui,
933 2761 966 2825 id
981 2769 1091 2826 tamen
1112 2762 1163 2826 bio
1181 2770 1335 2847 praestare
1350 2764 1427 2827 mibi

375 2888 439 2931 non
454 2867 555 2944 licuit,
570 2868 655 2951 quod
669 2867 711 2931 ad
728 2867 862 2930 Μιιιιιιι
877 2872 912 2928 et
924 2866 1083 2926 Ararcsm
1094 2865 1291 2949 Fragmenta
1305 2864 1373 2941 feei,
1391 2872 1428 2929 ut

374 2975 515 3033 veterem
545 2968 674 3053 Georgii
704 2966 909 3054 Trapezuntii
935 2966 1232 3051 interpretationem
1255 2968 1427 3051 Propera-

374 3070 466 3134 tione
480 3070 676 3153 Εοααροίίσω
698 3070 731 3132 in
752 3070 813 3134 hao
832 3075 926 3154 parte
947 3069 1144 3143 adhiberem,
1159 3088 1231 3131 oum
1250 3068 1334 3132 inter
1355 3068 1425 3153 plu-

374 3171 465 3247 rima,
479 3191 550 3255 quae
565 3170 702 3234 resecuit
716 3170 801 3233 idem
812 3170 1045 3256 Trapezuntius
1060 3170 1200 3233 oodioem
1214 3190 1314 3247 suum,
1331 3179 1369 3233 ut
1383 3170 1427 3233 vi-

374 3271 481 3348 detur,
502 3277 640 3347 secutus,
662 3271 779 3336 omissa
805 3272 872 3336 sint
893 3273 935 3337 ab
959 3295 998 3337 eo
1024 3281 1091 3337 tam
1117 3273 1225 3356 oapita
1249 3272 1428 3356 posteriora

373 3371 446 3436 libri
471 3373 566 3458 hujus
595 3374 707 3438 deoimi
734 3376 851 3459 quarti,
880 3397 975 3459 quam
1001 3384 1091 3440 totus
1113 3374 1193 3439 liber
1218 3375 1347 3439 ultimus
1370 3398 1427 3439 seu

373 3473 504 3560 quintus
526 3476 675 3544 deoimus.
724 3476 817 3541 Nuno
838 3500 924 3554 vero,
949 3479 1004 3541 diu
1025 3484 1195 3564 postquam
1218 3478 1287 3541 baeo
1308 3477 1427 3563 Diony·

321 3646 326 3657 ,
372 3576 412 3640 sii
432 3578 585 3663 inpriore
606 3580 746 3645 editione
759 3580 976 3665 Reliquiurum
994 3581 1081 3643 Saor.
1098 3580 1334 3657 oollooaveram,
1355 3582 1427 3646 duae

373 3680 561 3764 prodierunt
571 3682 754 3748 Ειιοαάίααα
765 3683 1013 3768 Proeporatioois
1024 3682 1190 3757 editiones,
1203 3681 1290 3767 prior
1303 3704 1324 3747 a
1337 3682 1425 3749 Frid.

372 3778 511 3864 Adolpb.
529 3781 730 3848 Heiniobeno
760 3806 846 3849 anno
875 3786 968 3865 1842,
1001 3783 1117 3868 Lipsiae
1147 3784 1233 3869 typis
1262 3784 1426 3863 mandate,

371 3878 476 3943 altera
499 3882 615 3945 Oxonii
638 3907 723 3949 anno
746 3886 932 3970 insequente
956 3908 976 3950 a
1000 3885 1126 3949 Thoma
1141 3884 1313 3949 Gaislordo
1328 3886 1427 3950 AEdis

372 3979 492 4045 christi
507 3981 624 4045 decano
639 3985 682 4047 ad
696 3986 821 4050 oodioes
836 3987 981 4051 undeoim
998 3987 1095 4051 MSS.
1108 3989 1275 4052 recensita.

415 4082 453 4145 P.
466 4104 538 4168 394.
554 4084 575 4148 l.
586 4106 616 4169 5.
635 4087 817 4173 ἀγέννητον]
832 4089 999 4172 Ἀγένητον
1013 4112 1072 4153 uois
1086 4090 1298 4173 facturarum
1314 4115 1331 4153 ν
1351 4089 1424 4153 sim·

370 4182 444 4267 plioi
460 4184 533 4249 MS.
548 4189 765 4272 supradictus
780 4191 922 4255 exhibet.
962 4192 1025 4255 Sed
1041 4192 1080 4256 de
1095 4191 1145 4254 his
1160 4190 1321 4256 vocabulis
1330 4214 1427 4276 supra

369 4284 491 4370 aliquid
513 4292 621 4354 notari
643 4292 686 4356 ad
710 4292 844 4356 Μιιιιιιι
868 4292 1110 4377 Fragmentum,
1138 4295 1223 4379 quod
1250 4316 1290 4358 ex
1314 4294 1425 4357 eodem
