3242 5150
581 1537 1180 1637 ANNOTATIONES

521 1783 592 1865 111
634 1785 671 1864 e.
711 1781 1010 1864 nloursu
1054 1779 1239 1863 111111.

582 2019 854 2091 EXCERPTA
881 2016 1183 2091 ΝΙΟΕΤΙΑΝΑ.

747 2232 1024 2280 -—-·*—-

402 2399 444 2463 Iu
460 2397 628 2463 Nicetiana
647 2397 771 2464 Oatena
791 2399 928 2463 Patrum
947 2395 979 2460 in
998 2395 1022 2460 J
1023 2396 1130 2476 obum,
1144 2417 1214 2482 quae
1229 2415 1269 2459 ex
1284 2393 1408 2458 duobus

358 2497 519 2562 codicibus
541 2496 723 2563 Bodleianis
742 2518 763 2561 a
779 2496 921 2561 Patricio
940 2495 1040 2560 Junio
1059 2519 1145 2562 anno
1163 2499 1243 2583 ¹⁶37
1258 2494 1408 2581 auspiciis

359 2599 506 2665 Gulielmi
520 2600 614 2664 Laud
629 2608 706 2665 tunc
717 2599 945 2685 archiepiscopi
955 2600 1203 2676 cantuariensis,
1215 2606 1290 2681 post
1300 2596 1407 2684 paullo

358 2702 446 2768 beati
468 2702 628 2787 martyris,
653 2702 794 2766 Londini
817 2701 906 2765 edita
928 2708 987 2778 cst,
1010 2702 1149 2786 quinque
1169 2709 1285 2765 extant
1306 2700 1408 2782 ῥήσεις

296 2794 299 2801 ’
359 2804 503 2889 Dionysii
523 2804 649 2868 nomine
671 2802 843 2888 inscriptas.
888 2802 975 2884 Quas
995 2804 1122 2889 quidem
1145 2824 1255 2867 omnes
1276 2802 1408 2886 dempta

358 2907 460 2993 prima
497 2906 622 2972 illarum
655 2906 698 2971 ad
730 2904 920 2990 Dionysium
951 2906 1118 2989 praesulem
1152 2904 1407 2970 Alexandrinum

358 3009 517 3095 pertinere
526 3030 698 3074 consensus
712 3007 850 3095 plurium
861 3007 1004 3071 codicum
1017 3008 1207 3092 scriptorum
1218 3006 1406 3085 coufirmat3

358 3131 429 3173 cum
452 3109 516 3174 tria
537 3110 601 3174 alia
623 3111 817 3195 exemplaria
836 3118 955 3197 praeter
975 3110 1030 3175 illa
1054 3110 1127 3187 duo,
1153 3109 1267 3194 quibus
1287 3106 1408 3171 Junius

358 3232 435 3274 usus
455 3217 514 3289 est,
530 3211 563 3274 in
582 3210 693 3275 eadem
712 3211 905 3276 bibliotheca
923 3210 1067 3277 consenc
1085 3232 1158 3275 cum
1176 3209 1265 3275 edita
1283 3208 1407 3274 Oatena

358 3311 436 3375 mihi
450 3310 585 3377 licuerit.
629 3312 676 3375 Hi
692 3312 830 3397 quinque
845 3313 969 3377 codices
982 3313 1016 3377 in
1031 3312 1189 3398 catalogo
1204 3312 1294 3376 Libb.
1306 3312 1405 3375 MSS.

358 3413 497 3478 numeris
511 3413 656 3499 signatur
674 3416 745 3495 176.
763 3416 831 3497 178.
846 3435 916 3500 ¹95·
928 3434 1001 3480 201.
1014 3432 1088 3497 701.
1103 3436 1122 3477 e
1137 3413 1250 3499 quibus
1264 3412 1405 3489 ,Iuniani

357 3516 392 3579 ni
414 3516 517 3594 fallor,
532 3523 608 3581 sunt
627 3516 718 3581 codd.
735 3518 794 3598 176
810 3524 845 3581 et
863 3520 933 3599 178.
950 3517 999 3582 vel
1016 3516 1124 3603 potius
1140 3535 1213 3594 201,
1228 3516 1306 3580 dum
1324 3514 1407 3580 anti-

359 3616 499 3700 quissimi
514 3617 686 3682 eorundem
697 3625 773 3682 sunt
788 3616 878 3682 codd.
897 3637 933 3699 ¹9
934 3636 954 3702 5
967 3624 1001 3681 et
1013 3636 1085 3681 201.
1108 3616 1325 3702 Langbaenius
1339 3614 1406 3700 qui·

358 3716 441 3795 dem,
457 3717 495 3781 iis
516 3719 713 3805 temporibus
735 3719 830 3804 hujus
851 3719 1023 3785 academiae
1045 3720 1149 3796 decus,
1171 3718 1205 3781 in
1225 3717 1407 3782 incensione

359 3840 418 3883 sua
432 3818 575 3883 codicum
589 3820 855 3886 Beroccianorum
870 3823 1011 3886 nondum
1025 3821 1114 3886 edita
1127 3820 1237 3898 refert,
1252 3818 1406 3905 prodiisse

358 3922 513 3989 Oatenam
532 3922 706 3987 Juuianam
722 3944 762 3986 ex
782 3922 875 3987 codd.
891 3926 951 4006 178
962 3930 997 3988 ct
1010 3942 1082 3987 201.
1097 3922 1154 3987 sed
1173 3928 1327 4006 quantum
1346 3940 1407 4004 ego

358 4046 399 4090 ex
422 4022 626 4107 Dionysianis
647 4023 755 4106 ῥήσεσι
776 4024 901 4109 colligo,
923 4024 1047 4089 codices
1066 4025 1127 4108 176
1148 4030 1183 4087 et
1206 4040 1265 4090 201
1291 4020 1407 4086 editori

359 4148 453 4210 opem
473 4124 704 4210 praestiterunt,
719 4125 796 4189 dum
814 4127 915 4191 codex
933 4127 992 4208 178
1008 4134 1137 4192 tantum
1156 4127 1335 4208 ἁπόγραφον
1356 4130 1407 4188 est

360 4224 490 4295 alterius
507 4246 580 4296 201.
625 4228 756 4292 Interea
777 4249 817 4291 ex
840 4226 939 4292 MSto
966 4246 1023 4313 195
1046 4228 1184 4314 signeto,
1202 4233 1247 4303 et,
1270 4233 1307 4290 ut
1329 4224 1405 4302 dixi,

361 4324 590 4409 antiquissimo,
615 4350 708 4415 quem
734 4330 904 4416 ignorabat
928 4330 1058 4409 Junius,
1081 4330 1252 4419 plurimum
1273 4329 1342 4417 opis
1363 4329 1406 4395 ad
