3242 5150
425 411 675 478 APOLOGIA
698 416 791 481 PRO
815 420 1045 489 ORIGENE.
1197 427 1264 498 369

380 578 556 665 Responsio
570 583 613 646 od
627 586 800 650 seoundnm
815 589 1077 657 criminationem.

256 687 344 766 Quod
356 709 414 752 nmo
423 711 485 774 por
495 693 697 777 prolationem
710 706 818 760 nuum
831 698 917 765 dieat
931 723 990 767 esse
1004 703 1127 769 Ftttom
1141 705 1204 770 Dei

460 805 623 868 mumdum
644 805 793 871 Valentini
806 809 998 895 impietatem.

247 905 411 972 Onronurs.
436 911 526 994 (Lib.
543 913 572 977 Ι.
588 917 638 978 De
652 916 797 1002 Princip.
815 941 884 1005 oap.
898 921 930 985 ii.
946 943 1032 989 num.
1045 927 1088 1008 6.)
1122 927 1188 1011 Epo
1203 949 1255 992 ar-

202 1011 492 1084 bitror--lomen

246 1125 440 1192 Pnurnuus.
465 1130 517 1193 De
546 1130 596 1194 his
621 1132 698 1217 ipsis
724 1155 764 1198 ox
791 1145 907 1220 qunrto
931 1139 1013 1205 libro
1043 1145 1111 1225 περὶ
1143 1147 1253 1230 ἀρχῶν.

204 1234 303 1312 (num.
315 1235 382 1320 28.)

361 1356 540 1417 Ouronuns.
838 1371 939 1446 Rufini
954 1373 1167 1452 interpretatio.

258 1452 383 1558 m'sspoe
424 1461 701 1556 ἐπαναλαβόντα
792 1479 923 1561 Tempus
959 1496 1013 1551 est,
1042 1485 1171 1544 decursis
1205 1486 1253 1546 his

199 1592 281 1690 περὶ
296 1592 451 1695 Πατρός,
458 1599 517 1672 καὶ
526 1600 628 1693 Υἱοῦ,
642 1601 700 1676 καὶ
750 1625 816 1682 quae
825 1607 862 1666 de
878 1608 966 1668 Putre
977 1622 1008 1669 et
1024 1611 1101 1668 Filio
1112 1621 1142 1670 et
1157 1613 1250 1692 Spiri-

200 1723 305 1822 ἁγίου
337 1726 557 1826 Πμεύματος,
592 1731 700 1832 ὀλίγα
750 1745 785 1792 tu
808 1745 908 1795 sancto
927 1735 1126 1804 disseruimus,
1140 1736 1177 1796 de
1193 1737 1252 1796 illis

199 1865 273 1935 τῶν
303 1859 383 1939 τότε
416 1865 701 1964 παραλελειμμέ,
750 1880 969 1940 qnoquequaea
986 1865 1070 1922 nobis
1084 1863 1187 1923 relicta
1199 1865 1248 1923 fu·

200 2023 271 2069 νων
297 1993 492 2098 διεξελθεῖν
517 2000 598 2099 περὶ
619 2003 699 2076 Πα-
749 2000 842 2058 erent,
867 2011 959 2070 1)Μῦει
982 2001 1125 2070 ‘eveme-
1168 1991 1251 2051 ”0¹¹⁸

198 2124 291 2227 τρὸς,
307 2130 354 2212 ὡς
365 2130 559 2232 ἀδιαίρετος
573 2129 624 2211 ὧν
640 2137 698 2213 καὶ
750 2131 916 2189 Paternum
928 2141 958 2189 et
972 2128 1152 2188 *invisibilis
1167 2130 1205 2189 sit
1219 2141 1250 2190 et

197 2260 389 2361 ἀμέριστος
431 2268 521 2343 Υὶοῦ
564 2266 698 2366 γίνεται
748 2266 948 2345 inseparabilis
968 2286 986 2324 ιι
1007 2265 1095 2333 Filio,
1116 2286 1176 2324 non
1197 2284 1249 2344 per

200 2392 340 2496 Πατὴρ,
352 2398 394 2474 οὐ
412 2397 612 2498 προβαλὼν
629 2401 694 2478 αὖ.
748 2406 939 2487 prolationem
960 2405 997 2464 ab
1016 2425 1061 2473 eo,
1077 2417 1111 2463 ut
1129 2404 1248 2482 quidam

198 2525 273 2619 τὸν,
300 2533 348 2614 ὡς
376 2530 511 2610 οἴονταί
535 2563 637 2617 τινες·
669 2541 698 2614 εἰ
747 2555 864 2625 putant,
889 2554 1045 2624 generatus
1072 2551 1117 2601 est
1143 2541 1249 2601 Filius.

198 2660 269 2763 γὰρ
286 2664 454 2765 προβολή
468 2666 698 2752 ἐστινὸΥἶὸς
748 2680 781 2739 Si
809 2681 886 2739 enim
920 2679 1046 2758 prolatio
1073 2689 1117 2737 est
1151 2678 1247 2737 Filius

198 2805 262 2875 τοῦ
274 2796 430 2901 Harpis,
441 2802 500 2878 καὶ
513 2808 620 2908 γεννᾷ
632 2801 697 2901 μὲν
749 2815 987 2896 Patris,prolntio
994 2835 1062 2876 vero
1071 2815 1249 2893 diciturque

196 2929 242 3034 ἕξ
272 2932 381 3011 αὐτοῦ
414 2935 519 3013 ὁποῖα
547 2935 594 3014 τὰ
624 2944 697 3017 τῶν
746 2952 836 3012 ulem
857 2952 1000 3031 significat
1020 2951 1248 3030 generationem,

196 3062 295 3166 ζώων
316 3065 531 3167 γεννήματα,
555 3070 695 3171 ἀνάγκη
745 3088 840 3166 qualis
852 3088 1020 3147 animalium
1035 3087 1248 3148 velhominum

195 3205 304 3296 σῶμα
333 3197 419 3280 εἶναι
438 3199 502 3281 τὸν
522 3204 692 3307 προβαλ-
745 3225 820 3286 solet
847 3246 909 3285 esse
935 3226 1088 3306 progenies
1099 3248 1109 3297 ;
1144 3246 1245 3286 neees-

195 3344 318 3432 λοντα,
330 3338 388 3415 καὶ
405 3334 468 3416 τὸν
485 3346 695 3443 προβεβλῃ-
744 3364 821 3424 sario
834 3383 939 3443 corpus
958 3372 1002 3421 est
1015 3374 1045 3421 et
1067 3362 1156 3440 isqui
1177 3382 1245 3440 pro.

194 3466 313 3564 μένον·
744 3504 825 3572 tulit,
840 3513 870 3562 et
884 3503 909 3561 is
923 3503 973 3579 qui
987 3500 1119 3580 prolatus
1133 3510 1187 3559 est.

564 3622 586 3679 1
585 3624 771 3702 interpretatio
781 3624 816 3682 N
813 3642 876 3682 ooo.

235 3720 365 3800 Tempus
386 3733 431 3782 est
451 3733 486 3782 ut
505 3726 647 3785 nonnulla
667 3729 704 3787 de
725 3730 813 3786 Putre
826 3737 857 3787 et
871 3726 949 3785 Filio
963 3736 994 3785 et
1009 3724 1122 3804 Spiritu
1142 3733 1242 3781 saneto

193 3811 369 3877 repetamus,
384 3813 414 3861 et
435 3824 527 3881 penca
540 3825 605 3881 quae
625 3816 697 3867 tunc
718 3808 964 3887 pretermisimus,
980 3822 1187 3898 persequemur
1206 3803 1243 3861 de

196 3878 303 3950 Potre;
324 3882 375 3957 qui
398 3902 465 3941 cnm
486 3886 516 3941 in
534 3885 629 3945 nullus
649 3899 747 3965 portes
768 3886 859 3946 dividi
878 3898 977 3964 quest,
997 3884 1066 3943 Filii
1086 3894 1184 3977 tamen
1198 3882 1243 3977 ‘fit

195 3957 292 4027 Peter,
308 3980 368 4017 non
388 3964 525 4021 emittens
544 3964 639 4033 illum,
654 3977 688 4026 nt
706 3966 822 4045 quidum
846 3976 962 4047 putant.
1006 3965 1085 4023 Nam
1105 3982 1130 4021 ιι
1147 3962 1243 4020 Frlrus

193 4047 238 4094 est
258 4038 382 4117 prolatio
397 4040 502 4108 Patris,
517 4044 568 4121 qni
583 4045 665 4105 illum
680 4047 717 4106 de
731 4067 761 4106 se
775 4048 840 4125 ipso
857 4058 977 4126 generet
990 4045 1027 4103 sd
1041 4063 1108 4103 eum
1122 4042 1241 4135 modum

194 4135 252 4193 quo
277 4117 313 4175 de
337 4140 368 4177 se
390 4122 525 4181 animulis
548 4126 692 4203 gignunt;
721 4128 883 4186 necessario
907 4146 1011 4205 corpus
1033 4134 1078 4183 est
1102 4135 1165 4181 tum
1190 4140 1241 4197 qur

193 4195 311 4264 emittit,
326 4208 390 4256 tum
401 4202 452 4276 qui
466 4202 619 4264 emittitur.

225 4311 247 4339 ω
260 4299 345 4350 Graes
359 4302 411 4352 haec
419 4305 546 4368 desumpto
563 4317 621 4358 sunt
631 4326 645 4359 e
655 4309 717 4359 libno
727 4310 806 4373 primo
824 4311 920 4359 Eusebii
934 4317 1019 4357 sonus
1030 4304 1174 4357 Mamulum
1185 4304 1241 4351 An-

192 4397 317 4444 oyrsnum.
330 4401 352 4448 p.
363 4399 401 4433 ιι.
413 4388 450 4435 ed.
462 4388 539 4437 Paris.
779 4393 794 4422 ⁶
808 4392 866 4453 (cor.
879 4388 1040 4450 indivisibilis)

236 4487 306 4528 von.
323 4489 365 4530 tv.
674 4492 693 4554 3
712 4494 730 4531 n
