3242 5150
410 376 684 442 CONCILIUM
710 376 1101 441 ELIBERITANUM.
1219 375 1285 443 267

232 547 412 611 *refer-ant:
445 547 471 610 si
498 555 571 632 post
597 547 801 612 interdictum
827 547 971 625 fecerint,
996 569 1054 631 per
1078 546 1283 632 quinquennii

231 659 339 741 spatia
353 673 530 742 temporum
545 681 565 722 a
579 658 798 722 communione
814 680 882 721 esse
897 658 1061 722 arcendos.

706 769 806 831 XLI.

277 875 454 938 Admoneri
476 876 595 960 placuit
617 876 736 954 fideles,
758 885 795 941 ut
817 877 850 940 in
873 885 1027 961 quantum
1054 877 1190 961 possint,
1211 899 1284 961 pro·

232 984 366 1050 hibeant
387 1007 427 1050 ne
452 986 538 1050 idola
562 987 596 1050 in
618 987 764 1050 domibus
789 987 854 1050 suis
880 987 1039 1051 habeant:
1068 986 1094 1049 si
1121 1008 1195 1050 vero
1222 986 1285 1049 vim

233 1102 380 1160 metuunt
403 1118 576 1174 servorum,
602 1098 649 1160 vel
670 1098 790 1182 seipsos
816 1119 912 1182 puros
932 1106 1136 1161 conservent:
1167 1098 1194 1161 si
1220 1119 1284 1160 non

233 1205 375 1283 iecerint,
391 1205 485 1270 alieni
499 1207 541 1270 ab
556 1207 688 1271 ecclesia
702 1207 893 1272 habeantur.

700 1318 816 1382 XLII.

278 1425 344 1490 Eos
359 1427 412 1511 qui
433 1428 474 1491 ad
490 1428 585 1492 fidem
605 1427 740 1512 primam
756 1429 955 1493 credulitatis
968 1430 1134 1506 accedunt,
1151 1429 1178 1492 si
1194 1429 1285 1493 bonae

234 1537 351 1601 fuerint
373 1538 631 1613 conversationis,
647 1538 733 1603 intra
753 1539 915 1602 biennium
933 1539 1053 1623 placuit
1067 1539 1110 1602 ad
1132 1537 1284 1622 baptismi

234 1647 372 1732 gratiam
393 1649 520 1713 admitti
542 1650 677 1722 debere;
703 1649 762 1713 nisi
785 1649 970 1714 infirmitate
992 1650 1199 1736 compellente
1214 1653 1285 1712 co'e'-

234 1759 317 1844 gerit
329 1761 412 1825 ratio
424 1760 559 1824 velocius
571 1761 736 1826 subvenire
749 1761 953 1846 periclitanti,
965 1766 984 1805 ²*
995 1761 1043 1825 vel
1057 1760 1196 1847 gratiam
1211 1783 1284 1844 pos-

235 1869 360 1934 tulanti.

691 1981 824 2047 XLIII.

279 2088 415 2153 Pravam
445 2088 677 2154 institutionem
705 2089 866 2155 emendari
897 2089 1025 2173 placuit,
1050 2089 1148 2173 juxta
1175 2095 1284 2151 aucto-

235 2197 365 2261 ritatem
387 2198 625 2283 scripturarum,
653 2207 690 2262 ut
715 2198 821 2262 cuncti
847 2198 955 2261 bdiem
980 2198 1188 2261 Pentecosten
1210 2203 1284 2278 post

236 2299 360 2372 Pascha
381 2309 583 2389 celebremus,
607 2333 670 2375 non
697 2312 982 2397 quadragesimam,
1004 2311 1063 2374 nisi
1088 2310 1283 2394 quinquage-

236 2417 357 2482 simam.
412 2421 473 2498 Qui
500 2443 563 2484 non
588 2420 707 2498 iecerit,
732 2444 846 2485 novam
873 2420 1018 2484 haeresim
1047 2420 1208 2484 induxisse
1230 2441 1285 2482 no

236 2535 332 2594 tetur.

694 2643 824 2707 XLIV.

281 2751 439 2814 Meretrix
454 2773 524 2835 quae
539 2752 710 2837 aliquando
725 2753 832 2831 fuerit,
848 2759 880 2816 et
895 2758 1008 2837 postea
1028 2750 1177 2814 habuerit
1193 2749 1287 2812 mari-

236 2867 304 2924 tum
314 2886 324 2937 ;
347 2861 373 2924 si
387 2863 590 2946 postmodum
613 2864 654 2927 ad
675 2863 898 2928 credulitatem
914 2862 1046 2938 venerit,
1065 2862 1289 2924 incunctanter

236 2971 355 3056 placuit
370 2994 438 3037 esse
453 2972 677 3058 recipiendam.

708 3085 817 3147 XLV.

280 3190 341 3271 Qui
362 3190 533 3275 aliquando
546 3193 643 3258 fuerit
662 3195 919 3271 catechumenus,
934 3201 967 3257 et
990 3214 1047 3278 per
1061 3191 1185 3255 infinita
1207 3195 1287 3252 tem-

236 3321 314 3384 pora
340 3321 500 3383 nunquam
527 3303 569 3365 ad
596 3302 759 3367 ecclesiam
785 3303 964 3377 accesserit,
989 3302 1112 3365 sicum
1139 3297 1287 3362 declaro

237 3410 368 3493 quisque
388 3411 570 3495 cognoverit
590 3434 658 3475 esse
679 3410 908 3490 Christianum,
924 3422 982 3475 aut
1001 3417 1101 3474 testes
1122 3408 1218 3491 aliqui
1234 3428 1287 3471 ex-

236 3518 378 3584 stiterint
389 3520 516 3597 fideles;
533 3521 663 3607 placuit,
677 3522 705 3585 ei
720 3523 914 3606 baptismum
929 3542 993 3583 non
1004 3518 1112 3603 negari
1125 3543 1134 3588 ;
1150 3539 1188 3580 eo
1201 3516 1287 3600 quod

236 3628 292 3691 cin
306 3636 476 3707 veterem†
491 3629 650 3693 hominem
665 3632 834 3715 deliquisse
849 3631 1005 3695 videatur.

695 3740 824 3803 XLVI.

279 3845 338 3911 dSi
355 3848 425 3933 quis
444 3847 547 3912 fidelis
567 3859 729 3933 apostata,
750 3873 808 3934 per
827 3850 952 3913 infinita
967 3847 1114 3934 tempora
1133 3848 1174 3911 ad
1193 3846 1288 3910 eccle

269 4010 283 4039 Ι
294 4000 535 4062 Αρηίπσ,ἰυίεηηι.
657 4004 788 4065 tarpeaim
799 4006 879 4063 edidit,
890 4003 954 4050 diem
971 4002 1124 4049 Pentecmtes
1134 3999 1287 4047 celebremur.

236 4079 309 4137 Quod
320 4081 362 4143 qui
374 4097 422 4128 non
435 4083 524 4141 iecerit,
536 4086 603 4147 quusi
615 4087 660 4133 &c
748 4094 760 4123 c
773 4087 833 4132 MS.
846 4085 870 4131 in
881 4093 962 4132 vetere
972 4082 1078 4141 homine,
1091 4087 1118 4127 ut
1131 4083 1213 4126 [aanor.
1226 4082 1249 4126 1.
1261 4080 1289 4125 in

236 4162 303 4223 φω-
318 4172 357 4208 ²²·
370 4177 420 4225 ⁰⁰1·-
434 4177 454 4211 ²-
557 4166 570 4205 ό
584 4168 675 4227 Confer
685 4181 798 4214 cauom
811 4168 920 4213 mamam
933 4164 1034 4212 Coracils'i
1045 4163 1138 4210 Arelas.
1149 4174 1169 4206 1.

272 4254 286 4281 ⁰
298 4256 360 4319 (sor.
373 4257 418 4320 ot.)
528 4268 546 4319 ψ
558 4262 673 4325 (veterem
685 4263 807 4310 hominem
819 4262 972 4324 dereliquisse
982 4262 1102 4319 videatur,
1113 4260 1169 4307 edil.
1181 4257 1287 4313 Matrit,

232 4337 281 4396 sor.
295 4338 385 4400 hoccid-
397 4340 424 4388 ln
435 4342 509 4390 veteri
522 4341 621 4391 bomine
631 4342 778 4405 deliquisse.)

734 4442 841 4488 Mm2
