3242 5150
378 370 443 436 106
713 367 1092 432 ANNOTATIONES

376 551 486 605 λαττεν
501 542 520 620 ἡ
536 540 636 604 πίστις
652 537 742 602 αὐτοῦ
757 539 791 602 ἐν
807 538 897 623 καιρῷ
912 562 971 601 τινι
984 536 1036 615 τῆς
1050 539 1138 617 άγίας
1150 541 1310 616 καθολικῆς
1323 540 1431 615 ἐκκλη-

377 646 456 709 σίας.
487 643 573 708 οὗτος
595 642 612 704 ό
636 638 787 718 Μελήτιος
811 641 979 721 σόγχρονος
1003 637 1041 717 ήν
1068 639 1117 703 καί
1141 639 1351 717 συνακμαοτὴς
1376 645 1429 702 τοῦ

376 743 591 826 προειρημένου
612 740 731 823 Ἱέρακά
752 767 797 818 τε,
814 743 863 808 καὶ
885 738 1009 819 καθεξῆς
1027 741 1244 822 διαδεξάμενος,
1265 741 1301 808 δς
1320 742 1359 821 ἦν
1379 743 1430 806 καὶ

376 851 429 910 τοῦ
444 847 531 926 άγίου
548 844 666 926 Πέτρου
680 848 732 906 τοῦ
752 848 804 922 τῆς
817 842 1045 924 Ἀλεξανδρείας
1065 845 1229 908 έπισκόπου
1246 844 1427 926 σόγχρονος.

377 950 425 1012 καὶ
440 949 520 1012 οὖτοι
535 947 645 1012 πάντες
660 947 709 1009 ἐπὶ
722 949 774 1008 τοῦ
795 947 925 1024 διωγμοῦ
937 943 1018 1025 ήσαν
1035 948 1088 1006 τοῦ
1107 943 1272 1024 γενομένου
1286 944 1336 1007 έπί
1352 950 1426 1010 Δια·

376 1055 535 1128 κλητιανοΰ
555 1049 604 1112 καὶ
624 1049 823 1126 Μαξιμιανοΰ.
840 1045 860 1124 ή
878 1046 912 1108 δέ
930 1048 1006 1110 κατδ
1025 1044 1078 1112 τδν
1097 1045 1253 1124 Μελήτιον
1273 1047 1427 1120 ὑπόθεσις,

375 1154 481 1214 τοῦτον
495 1150 570 1233 ἔσχε
584 1149 639 1212 τδν
653 1149 773 1229 τρόπον.

420 1252 542 1333 Σχίσμα
567 1253 716 1329 ἐποίησεν,
743 1250 779 1313 οὐ
802 1250 863 1330 μὴν
886 1249 1138 1331 μετηλλαγμένως
1158 1249 1233 1333 (for.
1256 1257 1428 1331 μετηλλαγ·

375 1353 480 1436 μένος)
494 1353 549 1435 τὴν
561 1355 664 1416 πίστιν
683 1351 852 1434 γεγένηται.
872 1353 959 1423 οὗτος
973 1354 1008 1418 έν
1027 1356 1117 1436 καιρῷ
1135 1356 1188 1416 τοῦ
1206 1356 1345 1433 διωγμοῦ,
1365 1353 1428 1432 δμα

376 1455 482 1539 Πέτρῳ
496 1455 537 1540 τῷ
558 1456 633 1540 δγίιρ
655 1456 806 1538 έπισκόπῳ
822 1456 871 1520 καὶ
890 1454 1022 1535 μάρτυρι,
1038 1456 1088 1520 καί
1100 1459 1162 1523 τοῖς
1179 1455 1287 1522 ἄλλοις
1299 1456 1428 1537 μόμπισι

376 1551 564 1640 συλληφθεὶς
582 1557 642 1620 ὑπδ
661 1562 720 1620 τῷν
740 1559 790 1620 ἐπὶ
807 1558 900 1641 τούτῳ
917 1557 991 1636 (for.
1005 1558 1107 1639 τοῦτο)
1121 1556 1180 1620 ιἰπὸ
1200 1563 1254 1620 τοῦ
1271 1557 1427 1636 βασιλέως

375 1659 614 1741 ἐπιτεταγμένων
632 1664 691 1722 τῶν
714 1657 774 1722 κατ’
794 1661 891 1724 έκεῖνο
912 1663 1013 1740 καιροῦ
1033 1660 1189 1738 ἡγεμόνοιν
1208 1662 1260 1737 τῆς
1280 1656 1426 1737 Ἀλεξαν-

373 1762 472 1841 δρείας
488 1762 537 1824 καὶ
551 1761 711 1842 Αἰγύπτου·
735 1759 922 1839 Κσυληιαυδς
934 1761 992 1838 μὲν
1005 1759 1043 1838 ήν
1057 1759 1187 1842 ἔπαρχος
1196 1764 1248 1839 τῆς
1258 1760 1425 1840 Θηβαίδος,

372 1859 603 1943 Ἀλεξανδρείας
621 1863 654 1924 δὲ
668 1859 826 1941 Ἱεροκλῆς·
846 1865 895 1926 καί
914 1863 931 1922 ό
950 1863 1007 1939 μὶν
1027 1861 1178 1940 Μελήτιος
1197 1865 1232 1927 έν
1251 1867 1292 1948 τῷ
1310 1869 1425 1943 δεσμω-

374 1965 462 2048 τηρίῳ
483 1962 693 2044 καθειργμένος
713 1963 760 2041 τήν,
777 1963 865 2030 οὗτός
884 1988 917 2026 τε
937 1963 984 2026 καὶ
1004 1965 1033 2027 οί
1047 1963 1253 2043 προειρημένοι
1270 1965 1423 2046 μάρτυρες,

374 2064 434 2143 άμα
449 2069 489 2150 τῷ
503 2065 703 2148 προειρημένῳ
719 2064 825 2148 Πέτρῳ
835 2065 876 2149 τῷ
887 2068 938 2142 τῆς
946 2063 1177 2146 Ἀλεξανδρείας
1190 2068 1423 2152 δρχιεπισκόπῳ.

375 2167 471 2230 έδόκει
485 2169 518 2230 δὲ
540 2168 588 2230 καί
609 2169 625 2228 ό
642 2165 793 2244 Μελήτιος
807 2171 867 2229 τῶν
887 2169 961 2232 κατὰ
975 2167 1030 2246 τὴν
1043 2172 1196 2250 Αίγυππον
1214 2168 1359 2249 προήκων,
1375 2171 1424 2235 καὶ

373 2271 552 2350 δευτερεύων
566 2272 607 2354 τῷ
629 2267 735 2354 Πέτρῳ
757 2270 833 2332 κατδ
853 2267 909 2346 τὴν
928 2268 1173 2351 δρχιεπισκοτήν,
1190 2268 1229 2334 ὥς
1248 2267 1283 2332 δι’
1301 2269 1423 2348 άντιλή·

374 2379 458 2452 ψεως
472 2373 562 2435 αὐτοῦ
576 2369 675 2453 χάριν,
691 2367 739 2433 ὑπ’
756 2369 846 2434 αὐτὸν
861 2372 894 2433 δὲ
909 2369 961 2443 δν,
979 2372 1028 2436 καὶ
1041 2368 1089 2434 ὑπ’
1100 2368 1173 2454 (ἐπ’.
1183 2391 1248 2434 σοι.
1257 2370 1421 2451 Patavina)

373 2473 465 2538 σι’πδν
479 2477 516 2538 τά
531 2474 763 2551 έκκλησιαστικδ
777 2472 947 2553 άναφέρων.
969 2478 1056 2536 τοῦτο
1069 2475 1128 2554 γὰρ
1142 2472 1210 2539 έθος
1229 2473 1306 2547 ἐστὶ,
1320 2472 1374 2536 τδν
1388 2474 1423 2537 έν

372 2580 407 2654 τῇ
418 2574 633 2661 Ἀλεξανδρείῳ
645 2576 880 2659 άρχιεπίσκοπον
891 2574 990 2654 πόσης
997 2600 1031 2639 τε
1040 2574 1191 2655 Αίγθπτσυ
1201 2575 1249 2638 καί
1257 2571 1421 2652 Θηβαίδος,

373 2679 553 2758 Μαραιότου
575 2703 618 2751 τε,
642 2678 691 2741 καὶ
713 2676 836 2754 Λιβύης,
858 2674 1072 2755 Ἀμμωνιακῆς,
1094 2675 1299 2755 Μαραιότιδός
1316 2698 1349 2739 τε
1372 2675 1423 2739 καὶ

372 2781 603 2855 Πενταπόλεως,
631 2778 714 2861 ἔχειν
740 2778 794 2857 τὴν
820 2777 1069 2856 έκκλησιαστικήν
1091 2777 1245 2855 διοίκησιν.
1278 2776 1344 2839 έπεὶ
1367 2776 1423 2841 οὖν

372 2878 600 2958 συλληφθέντες
625 2880 706 2941 οὗτοι
732 2878 843 2945 πάντες
869 2879 1028 2961 μαρτυρίου
1056 2876 1146 2960 χάριν
1175 2879 1210 2941 έν
1238 2880 1274 2956 τῇ
1302 2881 1422 2957 φυλακῇ

371 2980 526 3060 ἔπραττον·
554 2981 653 3063 χρόνῳ
676 2981 709 3042 δὲ
732 2982 822 3064 ἱκανῷ
845 2980 1005 3059 έπέμειναν
1027 2977 1242 3061 καθειργμένος·
1272 2980 1364 3043 δλλοι
1388 2980 1422 3041 δέ

370 3080 427 3160 πρδ
450 3080 546 3144 αὐτῶν
568 3081 786 3161 παραδοθέντες
808 3083 1025 3162 ἐμαρτύρησαν,
1041 3083 1090 3145 καὶ
1111 3081 1146 3144 τδ
1166 3080 1254 3148 τέλος
1274 3086 1327 3143 τοῦ
1346 3087 1422 3161 βρο·

369 3183 455 3260 βείου
470 3182 654 3260 άπείληφον,
672 3183 719 3245 καὶ
734 3183 944 3262 ἐκοιμήθησαν.
966 3184 1048 3248 οὗτοι
1066 3184 1100 3247 δὲ
1118 3184 1159 3249 ὣς
1177 3184 1354 3262 άκροίμσνες
1373 3185 1422 3250 καὶ

369 3283 485 3361 μείζους
500 3284 666 3364 ἐσύστερον
681 3286 848 3367 ἑτηροῦντο.

416 3386 473 3447 Καὶ
484 3385 585 3463 ἐπειδὴ
597 3386 633 3467 (ί.
647 3386 764 3469 ἔπειτα)
775 3392 865 3450 τινῶν
874 3388 931 3466 μὲν
941 3386 1202 3468 μαρτυρησάντων,
1211 3388 1316 3451 άλλων
1326 3388 1358 3450 δὲ
1369 3390 1422 3450 τοῦ

368 3487 527 3567 μαρτυρίου
542 3488 740 3561 ἐκπεσόντων,
757 3489 806 3554 καὶ
822 3488 877 3567 τήν
897 3489 1125 3570 άθεμιτουργίαν
1141 3492 1192 3568 τῆς
1210 3494 1270 3552 τῶν
1290 3490 1422 3553 είδιίλων

369 3590 527 3668 θρησκείας
540 3588 723 3669 πραξάντων,
739 3592 769 3655 σί
784 3590 822 3674 (ί.
833 3588 877 3672 οδ)
894 3589 956 3654 κατ’
971 3590 1104 3671 άνόγκην
1118 3592 1167 3656 καὶ
1182 3592 1290 3656 θυσίαν
1304 3591 1422 3670 (θυσίας

369 3710 433 3753 nor.
450 3674 614 3771 Poflbvius)
628 3690 797 3773 ἐφήψαντο·
821 3693 1048 3773 παραπεσόντες
1060 3694 1124 3766 οὖν,
1141 3693 1189 3761 καὶ
1202 3694 1358 3766 θύσαντες,
1374 3693 1421 3757 καὶ

368 3790 567 3871 παραβάντες,
584 3796 758 3873 προσῆλθον
773 3798 835 3858 τοῖς
848 3794 1046 3874 ὁμολογηταῖς
1059 3818 1093 3857 τε
1111 3794 1159 3858 καὶ
1171 3792 1327 3874 μάρτυσιν,
1342 3794 1421 3859 ὅπως

367 3892 500 3973 τύχωσιν
514 3891 617 3958 έλέονς
631 3896 679 3955 διὰ
691 3891 861 3972 μετανοίας,
878 3896 908 3956 σί
919 3896 976 3971 μέν
991 3894 1050 3958 άπδ
1072 3900 1260 3975 στρατιωτῶν
1280 3897 1375 3971 ὄντες,
1391 3897 1420 3958 σί

367 3994 400 4054 δὲ
416 3992 474 4055 άπὸ
490 4000 634 4073 κληρικῶν
644 3993 830 4077 ὑπάρχοντες
844 3998 990 4077 διαφόρου
1007 3995 1125 4077 κλήρου,
1141 3996 1359 4077 πρεσβυτερίου
1375 4020 1418 4068 τε,

368 4093 416 4158 καὶ
436 4096 594 4166 διακονίας,
615 4096 663 4158 καὶ
685 4096 798 4168 ἄλλων,
823 4097 938 4175 κίνησις
957 4097 1078 4178 ἐγένετο
1100 4095 1254 4175 δναμίσον
1272 4102 1332 4160 τῶν
1345 4122 1419 4177 μαρ-

366 4196 470 4274 τύρων,
488 4196 536 4259 καὶ
550 4195 680 4282 τάραχος
694 4196 750 4277 οίη(
766 4198 783 4258 ὁ
798 4198 907 4279 τυχόν·
928 4203 988 4261 τῶν
1001 4201 1058 4277 μὲν
1075 4201 1229 4279 λεγόντων
1249 4197 1317 4265 τοὺς
1337 4194 1421 4274 ἅπαξ

366 4298 605 4383 παραπεσόντας,
622 4298 670 4363 καὶ
684 4298 916 4384 ἀρνησαμένους,
933 4301 981 4365 καὶ
1001 4302 1036 4364 ἐν
1056 4301 1238 4382 άνδρειότητι
1259 4300 1299 4379 μή
1321 4324 1417 4383 παρα·
