3242 5150
377 410 442 479 176
724 407 1082 474 ANNOTATIONES

378 582 443 666 (vel
470 580 678 664 Salaminos),
705 583 887 645 Gemonios.
933 579 997 646 'l'ot
1021 580 1088 645 lere
1109 600 1242 643 nurnero
1264 581 1429 665 Ancyrani

376 684 463 768 apud
492 682 633 747 Nicaeam
659 683 768 746 decem
793 681 921 746 circiter
945 689 1019 764 post
1043 702 1145 745 annos
1173 680 1206 744 in
1231 703 1348 767 magna
1372 682 1428 748 illa

376 786 498 871 synodo
528 785 748 849 consederunt.
804 783 945 861 Addam,
973 805 1043 869 quae
1067 781 1236 847 severinus
1262 783 1372 848 Binius
1395 784 1429 848 iu

377 887 471 952 Notis
486 887 528 952 ad
543 887 604 952 hoc
619 885 798 950 Concilium
810 886 1016 970 Ancyrauum
1031 885 1146 971 posuit.
1192 884 1270 948 “Hi
1286 886 1339 970 qui
1354 886 1428 949 sub·

378 1001 398 1024 '‘
413 989 619 1076 scripserunt,
648 988 714 1053 lere
744 1010 854 1053 omnes
884 989 1017 1054 concilio
1045 988 1176 1053 Nicaeno
1204 989 1427 1053 interfuerunt.

377 1098 399 1130 “
416 1091 535 1156 Vitalis
550 1089 783 1168 Antiochenus,
798 1113 836 1154 co
851 1093 937 1176 quod
951 1091 1055 1178 pn'mo
1068 1091 1138 1156 loco
1152 1090 1275 1178 positus
1290 1091 1343 1164 sit,
1353 1112 1428 1155 eon-

377 1201 397 1231 “
412 1193 517 1258 cilium
540 1193 600 1258 hoc
620 1193 771 1257 indixisse
788 1193 924 1258 videtur.
972 1193 1161 1278 Agrioolaus
1176 1193 1305 1258 Eusebii
1322 1193 1426 1258 Gaesa·

376 1303 397 1334 “
412 1295 533 1361 reensis
547 1295 580 1359 in
595 1295 770 1360 Palaestina
783 1301 966 1360 antecessor
979 1295 1073 1360 fuir?
1116 1294 1182 1382 (At
1196 1295 1268 1360 vide
1291 1317 1362 1382 quae
1384 1296 1427 1359 ad

375 1397 435 1461 hoc
450 1418 565 1461 nomen
580 1417 677 1482 supra
691 1397 822 1481 signavi,
838 1398 922 1461 unde
936 1397 1117 1462 concideret
1130 1419 1228 1461 unum
1243 1397 1370 1483 quidem
1385 1397 1425 1459 de

377 1498 496 1564 Valesii
517 1507 631 1563 eontra
653 1498 902 1584 subscriptiones
921 1499 1001 1564 istas
1015 1499 1212 1585 argumentis
1226 1521 1267 1564 ex
1282 1498 1426 1564 Puaesti-

376 1601 483 1666 nensis
497 1601 636 1687 episcopi
650 1602 812 1666 mentione
827 1602 981 1684 ductum.)
1017 1601 1221 1666 “Marcellus
1237 1606 1427 1685 Ancyrauus

379 1713 398 1742 “
413 1705 589 1790 episcopus,
610 1711 782 1790 postquam
801 1705 953 1769 adversus
971 1705 1086 1769 Arium
1104 1705 1137 1768 in
1156 1725 1273 1789 magno
1291 1705 1423 1768 concilio

379 1817 399 1838 “
414 1805 540 1892 egregie
563 1827 693 1891 operam
715 1813 874 1883 navasset,
894 1807 937 1870 ab
959 1805 1088 1870 Arianis
1106 1827 1297 1891 magnopere
1319 1805 1426 1890 exagi-

378 1917 397 1946 “
414 1917 513 1982 tatus,
540 1909 582 1973 ab
612 1908 819 1974 orientalibus
848 1909 1089 1974 Sabellianismo
1117 1917 1259 1982 notatus,
1288 1931 1310 1973 a
1339 1906 1427 1970 Julio

378 2023 398 2046 '‘
415 2012 560 2076 Romano
589 2011 749 2096 pontifice,
774 2020 808 2077 et
833 2036 855 2077 a
880 2013 1011 2077 concilio
1041 2011 1220 2076 Sardioeusi
1251 2010 1426 2086 absolutus,

377 2113 492 2178 “vixit
520 2114 563 2178 ad
592 2135 710 2178 anuum
736 2113 866 2178 Domini
894 2116 970 2200 376.
996 2114 1050 2201 qui
1076 2122 1126 2180 est
1152 2113 1370 2179 Valentiniani
1392 2120 1427 2177 et

378 2216 559 2282 “Valentis
581 2238 683 2281 annus
704 2215 827 2303 imperii
849 2217 998 2282 decimus.
1020 2217 1179 2302 Epiphan.
1197 2217 1309 2282 haeres.
1324 2217 1377 2294 48.
1392 2223 1426 2280 et

377 2325 400 2356 “
416 2333 467 2401 77.
513 2316 622 2404 Lupus
637 2318 804 2384 Tarsensis
819 2320 983 2405 episcopus
998 2320 1082 2383 inter
1101 2319 1244 2405 egregios
1261 2318 1426 2383 catholicae

378 2420 487 2486 “fidei
508 2429 761 2507 propugnatores
783 2423 825 2486 ab
841 2421 1023 2487 Athanasio
1042 2422 1095 2486 lib.
1115 2423 1138 2487 i.
1161 2429 1273 2486 contra
1288 2419 1429 2484 Arianos

376 2531 398 2560 “
414 2532 604 2590 recensetur.
650 2523 787 2589 Basilius
818 2524 982 2610 episcopus
1011 2526 1193 2589 Amasenus
1216 2523 1274 2587 sub
1303 2521 1426 2587 Licinio

378 2626 668 2693 “Christianorum
694 2636 907 2714 persecutore,
937 2649 1022 2692 anno
1051 2626 1173 2693 Christi
1197 2626 1291 2711 3163‘
1315 2626 1427 2707 (immo

377 2731 464 2797 haud
485 2740 562 2796 ante
583 2754 635 2797 an.
659 2735 785 2819 319.')
790 2732 936 2796 illustre
959 2730 1147 2815 martyrium
1169 2728 1275 2794 subiit.
1320 2728 1428 2812 Hujus

376 2834 569 2918 ‘p‘raedicto
534 2834 661 2899 tloco
679 2832 880 2897 Athanasius
902 2854 1018 2918 magna
1038 2852 1110 2895 oum
1128 2830 1231 2916 gloria
1251 2835 1285 2894 et
1306 2828 1428 2893 honore

378 2942 400 2973 “
416 2944 625 3020 propugnatae
662 2935 736 2999 fidei
772 2936 926 3000 meminit.
985 2932 1150 2998 Eustolius
1178 2931 1427 2997 Nicomediensis

378 3042 398 3071 “
412 3035 577 3122 episcopus
606 3035 755 3099 Anthimi
782 3035 865 3099 illius
894 3056 1065 3106 successor,
1093 3056 1187 3120 quem
1213 3033 1359 3098 Galerius
1384 3035 1426 3098 oh

379 3142 398 3173 ‘⁶
414 3136 533 3201 (lhristi
548 3135 644 3199 fidem
658 3144 828 3201 necaverat
842 3144 940 3221 atque
954 3136 1021 3221 igni
1034 3135 1225 3201 tradiderat.
1258 3135 1427 3199 Heraclius

379 3247 399 3270 ‘¹
413 3236 595 3301 Zelenensis
610 3237 741 3322 majoris
756 3239 919 3303 Armeniae
934 3237 1108 3323 episcopus.
1144 3237 1310 3302 Narcissus
1328 3236 1427 3300 Nero-

378 3345 398 3374 “
412 3337 516 3401 niadis
545 3345 657 3423 postca
687 3338 804 3403 defecit
832 3340 874 3403 ad
900 3339 1049 3404 Arianos.
1095 3338 1248 3404 Leontius
1271 3336 1427 3401 Caesareae

378 3446 400 3479 “
416 3438 626 3527 Cappadociae
650 3442 816 3529 episcopus
842 3448 893 3506 est
918 3442 970 3505 ille
990 3441 1131 3526 insignis,
1154 3440 1208 3527 qui
1234 3440 1361 3504 veniens
1383 3441 1426 3503 ad

377 3550 399 3581 ‘⁸
416 3540 581 3608 Nieaenum
599 3544 773 3624 concilium,
790 3544 983 3609 Nazianzum
1006 3565 1078 3607 cum
1099 3542 1305 3628 pervenisset,
1321 3542 1427 3606 invisit

378 3655 397 3678 ‘¹
414 3652 448 3709 ct
478 3646 651 3730 baptizavit
677 3645 868 3732 Gregorium
896 3653 1023 3729 patrem
1052 3644 1198 3730 Gregorii
1225 3644 1426 3709 Nazianzeni.

378 3747 476 3827 “Qui
499 3748 551 3813 hie
578 3746 739 3835 Longinus
762 3748 891 3826 dicitur,
916 3748 1001 3813 iuter
1025 3748 1211 3833 coryphaeos
1238 3748 1426 3811 orthodoxas

378 3857 397 3879 ‘¹
413 3846 487 3911 fidei
518 3848 656 3914 Nicaenae
684 3849 725 3913 ab
758 3849 938 3913 Athanasio
966 3856 1163 3926 numeratur,
1189 3858 1222 3913 et
1250 3850 1426 3914 abeodem

378 3956 397 3984 “
414 3949 596 4035 Longianus
611 3950 824 4016 nominatur.'’

421 4050 502 4115 Haeo
512 4051 632 4116 Binius.
671 4052 737 4116 Nec
747 4052 853 4137 magni
869 4075 908 4117 ea
921 4052 1112 4117 aestimanda
1126 4060 1212 4129 suut,
1227 4073 1297 4137 quae
1313 4063 1426 4115 contra

376 4151 435 4215 has
461 4151 709 4235 subscriptiones
735 4154 876 4218 nonnulli
907 4144 1109 4221 tradiderunt
1138 4155 1178 4219 de
1207 4154 1426 4238 episcoporum

377 4252 410 4317 in
433 4254 494 4319 hcc
516 4255 647 4320 coneilio
673 4278 805 4321 numero
831 4264 971 4341 agentes.
1018 4256 1221 4341 Conspicitur
1244 4254 1371 4339 quidem
1392 4253 1426 4316 in

377 4355 508 4421 ecclesia
540 4357 728 4423 Natiuitatis
759 4358 888 4423 Domini
920 4359 1007 4444 apud
1040 4358 1229 4424 Bethlehem
1262 4364 1352 4421 vetus
1381 4355 1425 4418 iu-
