3242 5150
351 409 415 478 ιρι
686 387 1066 472 nuuounurouns

752 680 907 745 (lANON
932 678 992 741 IX.

389 787 427 850 P.
445 789 514 869 184.
531 788 551 850 l.
565 807 593 850 c.
615 792 662 851 διὰ
684 790 738 867 τὴν
760 792 859 868 ἄλλην
882 787 1029 870 σπονδήν]
1060 787 1221 872 Exposuit
1245 789 1398 867 Zonaras,

349 891 427 954 Cum
456 890 497 953 sit
525 895 695 962 σπουδαῖος,
728 891 757 954 h.
783 913 810 955 e.
846 891 1026 974 ceteroquin
1061 888 1162 953 ὀοτιιιι.
1214 891 1334 955 Confer
1367 901 1400 957 et

344 990 467 1055 Canon.
486 991 575 1054 Xll.

391 1093 472 1158 Ibid.
491 1097 527 1158 τα
544 1097 600 1174 γὰρ
615 1097 708 1156 λοιπὰ
723 1092 928 1176 ἁμαρτήματα]
944 1093 1019 1158 Alia
1033 1103 1189 1179 praetereo
1200 1094 1328 1173 delicta,
1341 1097 1397 1160 sed

344 1217 384 1259 ea
399 1196 531 1271 minora,
548 1217 649 1281 neque
664 1217 736 1259 oum
751 1203 863 1279 stupro
879 1197 1057 1279 conjunctu,
1070 1194 1183 1280 vulgus
1199 1196 1327 1280 quidem
1342 1196 1398 1260 ho·

345 1298 466 1362 minum
482 1297 654 1362 censebant
673 1297 875 1362 ordinatione
890 1297 1006 1370 deleri;
1031 1297 1127 1360 immo
1143 1305 1275 1381 peccata
1289 1299 1397 1364 omnia

345 1400 485 1463 nonnulli
497 1400 644 1465 aiebant:
662 1399 802 1464 ecclesiae
811 1421 895 1473 vero,
907 1408 991 1464 teste
1004 1399 1145 1463 Blastsri
1156 1399 1188 1462 in
1198 1401 1397 1484 Syntoymutc

345 1501 408 1566 Lit.
420 1502 465 1566 X.
488 1525 556 1588 cap.
570 1525 641 1566 xxv.
659 1501 1021 1586 emolamentum
1045 1501 1150 1565 valere
1172 1501 1272 1564 visum
1293 1523 1395 1565 sucer-

342 1603 466 1668 dotium
487 1611 548 1680 est,
571 1613 609 1668 ut
635 1604 783 1676 solveret,
809 1604 894 1687 quod
917 1603 1057 1668 nonnulli
1081 1602 1252 1687 putabant,
1278 1603 1395 1667 delicta

342 1725 412 1788 quae
433 1705 501 1788 jam
524 1705 778 1781 antecessissent,
795 1706 854 1769 etsi
873 1728 998 1770 sacrum
1014 1706 1142 1790 quidem
1161 1705 1323 1769 lurcorum
1339 1727 1394 1769 no·

341 1825 415 1868 vum
424 1805 557 1869 reddere
567 1813 674 1890 posset
686 1806 855 1885 hominem,
866 1809 919 1892 qui
929 1809 1110 1893 baptizatus
1120 1814 1222 1878 essctz
1239 1828 1393 1871 canonem

341 1905 425 1968 enim
449 1927 568 1969 nonum
592 1906 756 1971 Nicaenum
773 1908 888 1990 jubere
911 1909 1124 1993 presbyteros.
1151 1909 1204 1993 qui
1229 1917 1288 1973 aut
1310 1909 1392 1974 citra

340 2007 562 2089 probationem
578 2007 642 2071 sint
657 2007 806 2080 ordinati,
822 2016 880 2072 aut
902 2009 1091 2092 interrogati
1111 2009 1237 2094 quidem
1257 2010 1391 2074 confessi

341 2104 459 2170 luerint
473 2106 580 2191 priore
594 2117 736 2192 peccata,
753 2116 872 2193 praeter
885 2110 1027 2195 regulam
1040 2119 1148 2175 tamen
1158 2110 1298 2175 ordinati
1313 2110 1390 2186 sint,

340 2230 539 2293 nequaquam
561 2210 710 2287 admitti3
732 2211 845 2294 τὸγὰρ
866 2213 1080 2291 ἀνεπίληπτον,
1102 2212 1250 2296 inquiunt
1269 2219 1388 2295 patres,

340 2311 479 2389 ἐκδικεῖἡ
495 2311 636 2390 καθολικὴ
653 2314 805 2391 ἐκκλησία.

385 2413 467 2477 lbld.
482 2413 501 2475 l.
518 2417 548 2476 6.
564 2414 725 2499 ἐξουσίαν]
741 2414 884 2478 Aristoni
903 2415 1160 2478 Commorim:
1182 2418 1230 2478 Τὸ
1239 2417 1296 2493 μέν
1306 2417 1388 2481 ἄλλα

338 2514 436 2579 πάντα
456 2515 648 2597 ἁμαρτήματα
667 2517 686 2596 ἡ
705 2517 880 2600 χειροθεσία
899 2517 975 2579 λύει·
997 2519 1091 2595 μονῆι
1105 2518 1137 2579 δέ
1155 2520 1207 2595 τῆς
1222 2521 1388 2596 σωματικῆς

340 2619 483 2697 ἁμαρτίαι
496 2617 625 2696 ἡττᾶται.
648 2620 701 2681 ἐὰν
716 2619 770 2682 οὖν
784 2642 836 2693 τις,
852 2622 994 2698 πορνείαν
1004 2618 1240 2697 προημαρτηκέοι,
1254 2620 1295 2684 εἰς
1306 2620 1387 2699 ίερω-

337 2718 432 2797 σύνην
446 2720 627 2805 παραδέχθη,
645 2720 692 2783 καὶ
706 2723 780 2800 μετὰ
795 2720 849 2798 τὴν
860 2721 1048 2803 χειροτονίαν
1059 2720 1236 2801 ὡμολόγησε
1246 2722 1284 2782 τὰ
1295 2722 1386 2799 ἅμαρ-

337 2818 450 2897 τήμοτα
481 2823 531 2897 τῆς
544 2821 601 2897 μέν
621 2819 765 2901 καθέδραι
785 2821 833 2883 καὶ
854 2825 936 2898 τιμῆς
954 2826 1013 2882 τῶν
1030 2819 1242 2901 πρεσβυτέρων
1255 2818 1385 2898 μεθέξει,

337 2920 485 2999 ἱερατικὸν
499 2919 533 2981 δέ
548 2943 575 2981 τι
591 2921 643 2983 οὐκ
659 2920 825 3002 ἐνεργήσει·
849 2924 876 2983 εί
889 2922 922 2984 δέ
936 2919 1009 3000 μήτε
1023 2920 1111 2986 αὐτὸς
1125 2921 1296 3001 ὁμολογοίη,
1311 2919 1385 2999 μήτε

335 3020 403 3100 παρ’
419 3021 515 3083 ἄλλον
532 3023 689 3104 ἐλέγχοιτο
705 3029 851 3104 φανερῶς,
867 3030 948 3104 παρὰ
963 3027 998 3107 τῇ
1013 3022 1102 3085 αὐτοῦ
1117 3022 1238 3105 ἐξονσίᾳ
1254 3024 1385 3086 κείσεται

333 3126 386 3200 τῆς
401 3124 561 3202 ἱερωσύνης
573 3127 751 3202 παυσθῆναι,
769 3127 828 3188 εἴτε
842 3125 890 3188 καὶ
903 3123 952 3204 μή.
998 3123 1077 3187 (lum
1092 3124 1152 3187 hoc
1167 3123 1297 3188 Oenone
1310 3146 1383 3188 con·

332 3223 479 3287 serendus
508 3232 559 3289 est
587 3224 750 3288 vicesimus
773 3227 930 3289 secundus
961 3224 1090 3289 cmlii
1117 3226 1153 3288 ι’τι
1186 3224 1300 3299 mla,
1326 3248 1382 3289 seu

334 3325 514 3404 Quintiani,
538 3327 591 3410 qui
613 3326 697 3388 idem
720 3334 769 3390 est
791 3333 889 3410 atque
909 3326 1031 3390 Canon.
1046 3328 1204 3390 xxvn.
1225 3327 1258 3390 S.
1273 3326 1381 3391 Basilii

333 3426 454 3510 Magni.
496 3426 559 3488 Adi
576 3433 610 3488 et
624 3446 776 3488 canonem
798 3426 965 3489 LXXVI.
982 3428 1103 3491 concilii
1126 3426 1315 3492 Eliberitani
1337 3430 1381 3493 ad

331 3526 481 3590 diaconos
506 3527 541 3589 ι’τι
570 3526 695 3589 crimine
723 3529 828 3591 mortis
855 3528 980 3592 detectos
1010 3528 1231 3613 pertinentem.
1277 3530 1380 3593 Porro

332 3628 403 3692 ideo
427 3630 578 3693 laudatur
603 3630 743 3693 medicus
771 3630 901 3713 quidam
927 3631 1063 3695 nominae
1091 3632 1268 3715 Martyrios
1292 3632 1379 3717 apud

331 3732 538 3795 Sozomenum
557 3732 640 3795 Hisl.
654 3754 708 3795 vn.
731 3752 776 3794 ιο.
800 3735 884 3817 quod
900 3754 1088 3817 marmorum
1103 3733 1290 3798 delictorum
1304 3756 1378 3799 oon·

328 3833 411 3898 scius
425 3834 576 3898 diaconus
592 3835 659 3897 lieri
675 3834 915 3899 detractaverit.

743 4038 897 4104 OANON
921 4039 966 4102 X.

370 4164 453 4228 nu.
483 4165 503 4230 1.
521 4166 551 4229 e.
580 4168 634 4229 rev
666 4167 704 4251 ro
732 4166 824 4251 aero]
870 4148 962 4250 νιηο
988 4164 1374 4250 senseresensere

325 4266 485 4332 omittitur
505 4269 560 4332 ἐὰν
581 4267 614 4331 in
633 4268 709 4332 edit.
728 4269 884 4331 Curionum
906 4267 1038 4345 Tiliane,
1055 4289 1126 4351 quae
1146 4266 1293 4352 princeps
1312 4272 1372 4330 est.
