3242 5150
370 400 412 460 12
704 395 1084 464 ANNOTATIONES

367 568 445 632 fecit
462 568 618 632 Eusebius
631 569 684 633 lib.
700 571 763 635 viii.
780 571 864 634 Hist.
880 593 950 656 cap.
966 573 996 635 6.
1028 571 1246 656 Hieronymus
1259 579 1369 641 autem
1383 575 1425 639 de

367 670 436 754 ipso
464 671 619 747 Luciano,
648 680 683 736 ut
709 672 827 745 vidisti,
854 672 976 746 scribit,
1008 673 1059 737 Dc
1092 673 1177 737 Viris
1198 674 1253 738 ltt.
1276 698 1347 760 cap.
1372 693 1423 758 77.

368 771 451 836 hunc
474 794 601 856 passum
623 795 691 837 esse
712 772 906 837 Nicomediae
927 772 986 836 sub
1007 775 1226 855 persecutione
1242 775 1422 851 Maximini,

368 875 428 938 hoc
443 883 503 946 est,
520 897 574 938 sex
597 873 645 938 vel
666 885 788 960 septem
810 883 884 960 post
907 896 1016 951 annos,
1040 897 1137 959 quam
1159 878 1313 962 martyrio
1335 901 1424 942 roro-

368 982 464 1041 natus
474 975 647 1040 Anthimue
656 986 752 1041 esset.
796 977 1034 1058 Εὖαγγελίζομαι
1048 999 1108 1060 pro
1123 982 1376 1061 συναγγελίζομαι
1390 981 1423 1044 in

368 1099 520 1162 nupersm
539 1099 630 1142 suam
654 1078 798 1142 θΙικοοίσί
820 1078 983 1141 Pambotis
1007 1077 1178 1142 editionem
1201 1081 1362 1144 revocarit
1383 1081 1423 1143 cl.

369 1180 562 1246 Diodorfius.
608 1181 700 1244 Idem
715 1202 813 1264 supra
827 1179 905 1255 fieri,
922 1179 1022 1243 serius
1032 1179 1159 1264 jussum
1173 1188 1232 1245 est.

412 1281 449 1344 P.
465 1301 494 1362 5.
518 1281 538 1344 1.
562 1302 608 1366 13.
632 1281 925 1345 tacebat-Oratio
945 1280 1019 1365 διο]
1045 1281 1094 1343 De
1115 1281 1250 1345 Luciani
1268 1283 1423 1367 martyrio

371 1382 500 1447 Eusebii
512 1384 584 1474 iraeo
599 1391 683 1455 sunt,
699 1382 752 1445 lib.
768 1382 810 1445 ix.
829 1383 915 1445 Hie.
931 1403 1000 1465 cap.
1017 1384 1047 1446 6.
1063 1386 1227 1451 Λουκιανός
1241 1409 1274 1447 τε
1289 1385 1365 1465 ἀνὴρ
1385 1389 1422 1448 τὰ

368 1485 467 1550 πάντα
488 1487 617 1566 ἄριστος,
633 1487 691 1571 βίῳ
712 1510 745 1548 τε
767 1486 914 1566 ἐγκρατεῖ,
929 1487 977 1548 καὶ
992 1489 1054 1550 τοῖς
1075 1486 1164 1564 ἱεροῖς
1176 1485 1330 1564 μαθήμασι
1351 1513 1422 1568 σογ-

369 1588 590 1669 κεκροτημένος,
621 1592 671 1666 τῆς
705 1587 767 1650 κατ’
796 1584 987 1668 Ἀντιοχείαν
1019 1587 1172 1667 παροικίας
1206 1589 1420 1668 πρεσβύτερος,

367 1691 470 1771 ἀχθεὶς
493 1691 540 1752 ἐπὶ
563 1694 614 1768 τῆς
637 1687 830 1767 Νικομηδέων
851 1688 979 1763 πόλεως,
1004 1687 1076 1750 ἔνθα
1098 1693 1256 1766 τηνικαῦτα
1272 1691 1421 1766 βασιλεὺς

369 1790 618 1873 (Diocletianus)
634 1793 795 1870 διατρίβων
811 1791 968 1870 ἐτύγχανε,
989 1791 1154 1871 παρασχών
1176 1815 1209 1852 τε
1229 1791 1278 1853 ἐπὶ
1295 1795 1348 1852 τοῦ
1367 1792 1419 1872 δρ-

367 1918 474 1974 χοντος
484 1893 538 1970 τὴν
549 1894 623 1972 ὑπὲρ
632 1892 667 1970 ἧς
678 1891 841 1971 προίστατο
851 1893 1045 1958 διδασκαλίας
1053 1891 1221 1971 ἀπολογίαν
1230 1893 1419 1975 δεσμωτηρίῳ

368 1995 546 2073 παραδοθεὶς
561 1995 716 2056 κτίννυται.
763 1992 868 2062 Quem
883 1992 988 2055 locum
1002 1999 1093 2055 vetus
1113 1991 1270 2076 interpres
1285 1992 1421 2055 Rufinus

369 2091 415 2155 ita
430 2093 536 2168 vertit,
552 2101 608 2156 out
623 2092 730 2176 potius
745 2093 967 2177 interpolavit:
991 2092 1151 2156 Lucienus
1165 2115 1277 2176 quoque
1291 2092 1342 2156 eir
1360 2115 1420 2156 mo-

368 2191 462 2269 ritus,
476 2195 670 2269 corsticeatia,
687 2205 713 2258 et
730 2195 899 2258 eruditione
912 2196 1102 2280 princepum,
1117 2195 1321 2258 Antiochense
1335 2217 1420 2280 pres·

368 2293 457 2377 byter,
474 2317 542 2358 cum
556 2297 601 2360 ad
616 2295 879 2380 tribunatjudicis
893 2298 1007 2380 suisset
1029 2297 1201 2360 adductas:
1228 2299 1300 2371 θον,
1320 2299 1420 2382 iuquit

368 2397 413 2460 ed
433 2419 499 2460 eum
517 2421 642 2482 preses,
665 2400 716 2462 cir
736 2399 931 2464 rationabilis
951 2410 978 2463 et
992 2400 1130 2484 prudens
1150 2400 1280 2484 sequeris
1299 2410 1420 2478 ιοοδααι,

368 2499 453 2584 cujus
466 2521 525 2563 οοτι
538 2511 623 2586 potes
639 2501 764 2566 reddere
780 2503 957 2567 rationem?
986 2512 1041 2565 out
1062 2503 1090 2564 si
1109 2511 1159 2576 cst,
1182 2500 1290 2586 ‹si-iqua
1306 2501 1420 2566 audie

368 2625 442 2668 mete.
492 2606 575 2667 Tum
589 2604 651 2679 ste,
667 2606 743 2669 dote
756 2604 976 2689 eibifocaltate
989 2605 1121 2678 dicendi,
1133 2604 1336 2687 trej'ecoemodi
1350 2626 1419 2668 ora-

368 2706 476 2769 tionem
490 2706 603 2793 defide
624 2718 727 2772 nostra
748 2706 883 2771 babuisse
904 2708 1029 2771 dieitur.
1075 2708 1116 2769 In
1137 2706 1261 2771 occulto
1283 2728 1346 2769 non
1369 2714 1420 2771 est

370 2807 426 2868 ue.
473 2804 629 2869 Eusebius
652 2829 747 2889 porro
769 2808 801 2870 in
824 2807 877 2870 lib.
901 2807 963 2871 viii.
986 2830 1057 2892 cap.
1077 2827 1124 2890 13.
1140 2808 1209 2873 haec
1224 2809 1264 2872 de
1287 2808 1419 2872 Luciani

368 2905 515 2989 apologia
530 2906 704 2969 habet—tv
719 2909 754 2991 τῇ
771 2910 960 2992 Νικομηδείο,
973 2910 1021 2972 καὶ
1036 2910 1132 2982 αὐτὸς,
1145 2913 1299 2989 βασίλεως
1315 2911 1419 2989 ἔπιπας

368 3008 474 3085 ρόντος
498 3005 543 3087 (in
565 3007 655 3086 urbe)
681 3008 734 3085 τὴν
757 3008 896 3087 οὐράνιον
919 3014 971 3071 τοῦ
994 3016 1124 3089 Χριστοῦ
1150 3013 1314 3089 βασιλείαν
1336 3013 1418 3094 λόγῳ

369 3109 514 3187 πρότερον
528 3113 562 3171 δι’
579 3110 753 3189 ἀπολογίας,
771 3109 835 3173 εἶτα
849 3112 881 3172 δὲ
897 3112 946 3175 καὶ
960 3112 1059 3192 ἔργοις
1074 3114 1264 3193 ἆνακηρύξας.
1308 3112 1419 3195 Neque

370 3208 434 3272 ulia
449 3209 563 3273 idonea
580 3232 677 3275 causa
696 3210 772 3273 mihi
791 3211 919 3295 quidem
941 3234 1009 3276 esse
1029 3214 1164 3289 videtur,
1188 3213 1346 3297 (quamvis
1364 3212 1418 3275 alii

370 3312 492 3375 diverse
512 3312 678 3385 senserint,
701 3320 738 3376 ut
756 3334 826 3398 eg.
842 3313 1061 3377 Tiliemontius
1075 3316 1172 3376 Μοοι.
1188 3314 1273 3377 Εσοί.
1294 3322 1373 3377 tom.
1390 3334 1418 3373 v.

369 3412 401 3475 in
417 3414 556 3478 διιοίοοο
572 3436 643 3499 pag.
669 3434 741 3498 203.
761 3415 810 3477 ed.
827 3414 981 3498 Bruxell.)
1006 3437 1062 3477 cur
1083 3436 1147 3477 non
1169 3412 1279 3474 heberi
1302 3412 1418 3473 Rufino

370 3515 449 3579 fides
464 3515 591 3591 debeat,
606 3515 659 3600 qui
675 3516 756 3579 huuc
777 3514 962 3600 praeclerem
982 3516 1169 3587 orationem,
1187 3535 1259 3577 cum
1277 3512 1418 3575 moribus

367 3639 408 3681 ac
430 3618 604 3681 ratiociniis
623 3617 729 3681 saecuii
752 3618 834 3682 illius
851 3618 995 3701 apprime
1014 3616 1262 3689 convenientem,
1285 3615 1418 3699 martyri

373 3719 512 3783 Lucieno
534 3720 692 3784 attribuit.
739 3720 825 3784 Fieri
847 3719 930 3783 enim
953 3728 1070 3804 potest,
1094 3726 1130 3783 ut
1152 3719 1254 3803 ipsam
1276 3741 1316 3782 ex
1337 3718 1420 3781 uotis

370 3822 515 3905 martyrii
530 3822 599 3905 ejus
615 3824 751 3886 Rufinus
765 3821 976 3906 descripserit,
992 3824 1078 3906 quod
1093 3822 1163 3906 plus
1178 3821 1274 3887 semel
1295 3820 1418 3883 monuit

372 3924 549 3999 Fabricius,
559 3925 648 4009 cujus
662 3924 830 3989 sententies
844 3925 953 3987 iuvent
961 3924 1067 3997 verbs,
1078 3946 1175 4007 supra
1183 3923 1269 4006 apud
1284 3922 1418 3985 eundem

370 4026 576 4111 interpretem
596 4025 655 4109 ipsi
676 4026 812 4090 orationi
828 4025 1061 4110 praecedentia;
1097 4026 1175 4089 Tem
1192 4023 1245 4087 ‘ille
1265 4024 1341 4087 dota
1360 4021 1420 4086 eibi

361 4128 514 4210 substate
539 4127 661 4190 dicernit
682 4129 847 4209 cretionem
871 4128 907 4190 de
920 4127 986 4209 fide
1009 4136 1112 4191 uestra
1133 4125 1270 4189 habuisse
1291 4126 1415 4188 dicitur.

370 4232 519 4295 Oetcruur
535 4230 650 4294 statuit
665 4230 703 4293 cl.
722 4231 904 4294 Larduorus
917 4230 967 4293 De
982 4230 1064 4293 Hist.
1080 4231 1201 4312 Εοακ-ρ.
1219 4228 1310 4304 Fide,
1327 4228 1416 4290 Part.

372 4334 415 4397 ii.
434 4332 486 4396 iib.
503 4332 522 4395 i.
542 4354 612 4416 cop.
630 4334 681 4415 58.
729 4332 916 4416 Hieronymi
935 4333 1030 4395 verba
1049 4333 1117 4414 jam
1136 4330 1245 4402 allatu,
1263 4332 1418 4392 Feruntur
