3242 5150
440 1477 442 1480 ’
554 1451 1149 1550 ANNOTATIONES

349 1725 413 1806 IN
444 1725 716 1808 CONClLil
751 1724 1021 1806 NEOCAES.
1053 1719 1348 1804 CANONES.

744 1964 971 1999 *-

376 2149 414 2214 P.
434 2151 505 2214 181.
520 2151 540 2215 l.
554 2173 586 2236 5.
603 2152 835 2236 Neoxatunpetp]
851 2152 1058 2216 Neocaesarea
1072 2150 1207 2215 eaturbe
1215 2146 1382 2232 Cappado-

333 2252 390 2316 oiae
415 2252 449 2315 in
472 2253 579 2318 Ponto
601 2253 834 2329 Polemoniaco,
858 2253 942 2316 unde
963 2253 1061 2317 etiam
1083 2254 1101 2331 ἡ
1124 2254 1198 2315 κατὰ
1220 2253 1340 2314 Πόντον
1361 2269 1383 2311 a

334 2353 524 2418 Balaamone
544 2363 579 2420 et
598 2356 726 2420 Zonara
744 2357 805 2419 hoc
824 2356 857 2418 in
874 2357 944 2419 loco
964 2355 1097 2419 dieitur:
1121 2355 1162 2418 de
1183 2376 1246 2438 qua
1261 2350 1384 2415 Pliniua

333 2456 477 2522 meminit
499 2457 587 2522 Hist.
610 2457 683 2522 Nat.
705 2457 759 2523 lib.
776 2457 815 2522 vi.
831 2480 900 2542 cap.
915 2477 946 2542 3.
969 2464 1003 2521 et
1027 2456 1216 2520 Ptolemaeus
1231 2454 1263 2518 in
1280 2452 1384 2538 prima

314 2571 318 2579 ⁴
335 2559 446 2624 tabula
461 2559 556 2624 Asiae.
601 2559 666 2624 Hic
681 2583 757 2646 ergo
772 2560 933 2625 celebrata
947 2558 1008 2624 fuit
1028 2580 1168 2643 praeaens
1184 2556 1322 2642 synodus
1341 2553 1384 2617 ab

332 2660 445 2724 iisdem
466 2661 533 2725 fere
554 2662 715 2738 Patribus,
731 2686 752 2726 a
772 2662 887 2747 quibus
904 2665 1087 2745 Ancyrana.
1103 2668 1137 2725 et
1157 2660 1267 2723 eodem
1287 2656 1385 2721 etiam

335 2784 430 2839 anno,
445 2763 493 2826 vel
512 2763 625 2827 saltem
645 2765 804 2849 sequenti.
820 2764 884 2827 nive
899 2784 950 2827 an.
968 2764 1062 2825 Dum.
1079 2782 1156 2848 3¹5·
1201 2760 1297 2825 Unde
1311 2780 1386 2823 eon·

336 2871 405 2929 atat
426 2864 508 2927 hanc
530 2873 606 2929 ante
629 2866 792 2929 Nieaeuam
815 2866 977 2949 Synodum
996 2866 1105 2929 decem
1121 2864 1193 2949 plna
1211 2864 1315 2926 minua
1330 2882 1387 2924 an·

336 2966 386 3029 nis
404 2966 549 3030 habitam
569 2966 673 3031 iuiase.
720 2967 764 3031 Et
785 2990 825 3032 ea
846 2968 973 3052 quidem
996 2966 1206 3050 antiquiorem
1228 2984 1297 3028 enac
1311 2960 1388 3025 Dio-

337 3067 445 3151 nysius
471 3066 614 3151 Exiguus
640 3069 736 3133 etiam
760 3078 900 3133 testatus
922 3077 972 3133 eat
995 3068 1026 3131 in
1052 3068 1237 3152 praefatione
1261 3065 1304 3129 ad
1328 3063 1389 3126 hoa

338 3190 484 3241 canones,
508 3169 625 3241 diceus,
652 3170 695 3234 Et
717 3171 766 3233 he
788 3171 906 3256 reguiae
927 3179 1001 3257 post
1023 3191 1078 3233 eae
1099 3168 1226 3253 quidem
1252 3166 1390 3251 probau-

339 3280 404 3345 tur,
420 3292 492 3356 quae
507 3271 594 3353 apud
610 3275 771 3357 Anepram
794 3274 949 3357 expositae
967 3280 1051 3345 aunt,
1072 3272 1127 3335 ced
1144 3268 1281 3333 Nioaenis
1299 3274 1390 3331 ante-

340 3373 440 3437 riores
454 3374 666 3459 reperiuntur.
690 3375 735 3440 Et
744 3383 836 3439 vetus
848 3375 984 3440 Latinus
995 3374 1149 3458 interpres
1160 3372 1192 3435 in
1206 3392 1265 3434 aua
1277 3368 1390 3434 itidem

340 3476 382 3539 ad
405 3475 464 3539 hos
485 3496 623 3541 canones
644 3476 842 3561 praeiatione,
869 3477 987 3551 dicens,
1016 3474 1076 3539 Isti
1103 3495 1241 3538 canones
1260 3470 1391 3536 secundi

341 3584 416 3641 sunt
432 3579 674 3663 Aneyrensium‚
692 3579 745 3664 qui
763 3579 879 3660 (apud)
897 3576 1129 3641 Neocaeeariarn
1144 3582 1220 3638 aunt
1234 3571 1388 3657 expositi:

342 3685 377 3743 et
399 3678 432 3741 hi
451 3679 573 3764 priores
594 3690 670 3746 sunt
686 3680 834 3744 Nicaeuia.
879 3679 934 3741 Ab
956 3678 1016 3741 hoo
1038 3677 1170 3741 concilio
1191 3676 1224 3739 in
1246 3674 1393 3739 omnibus

344 3778 467 3843 Graecis
489 3781 660 3859 codicibus,
676 3780 875 3845 Balsamonie
895 3780 1073 3865 praeaertim
1089 3786 1127 3843 ct
1141 3780 1287 3852 Zonarae,
1303 3776 1394 3861 quiu-

345 3882 446 3946 decim
476 3904 612 3947 canones
642 3883 719 3947 editi
749 3882 965 3967 perhibentur.
1024 3880 1088 3944 Sed
1116 3880 1149 3943 in
1178 3898 1394 3943 nomocanonc

348 3982 488 4045 Arabico
517 3982 548 4044 in
577 3980 778 4046 Bibliotheca
806 3989 918 4045 nostra
949 3981 1123 4045 Bodleiano
1154 3978 1394 4065 quatuordecim

347 4089 474 4146 tantum
494 4090 711 4145 numerantur.
756 4080 882 4166 Quippe
902 4081 935 4145 in
955 4083 1077 4167 quode
1097 4080 1248 4167 prasenti
1266 4078 1396 4163 Synodo

347 4184 416 4248 haeo
434 4183 587 4247 babemus
605 4184 748 4268 (Latine)
765 4186 809 4248 Et
827 4194 925 4247 auctae
947 4194 989 4248 eet
1008 4183 1084 4248 liber
1103 4204 1252 4247 cononum
1271 4178 1397 4245 coeundi

352 4285 482 4351 Coneiiii
503 4286 537 4349 ic
561 4288 734 4371 Competit
758 4286 844 4367 (sic),
867 4286 1061 4351 &cominatu
1081 4285 1174 4350 etiam
1197 4286 1351 4360 coam,
1369 4291 1397 4347 et
