3242 5150
357 345 400 405 22
675 341 707 400 S.
733 337 920 400 PETRUS
943 322 1092 398 ALEX.

358 507 532 600 reliquum
559 508 639 577 vita
665 517 806 598 tempus
832 505 878 576 ob
904 506 1129 598 ingruentem
1156 501 1438 595 tempestatem

359 634 508 703 arctiore
526 630 710 722 disciplina
727 653 803 701 sese
821 629 982 699 exercuit
1000 627 1139 709 Petrus,
1156 627 1437 716 communique

359 755 585 826 ecclesiarum
613 754 760 824 utilitati
786 776 849 846 pro
875 751 967 821 virili
993 750 1186 843 prospexit.
1239 747 1328 819 Sub
1359 749 1437 818 hac

358 879 602 972 persecutione
621 878 680 947 diu
699 900 781 947 eum
799 877 835 945 in
853 897 993 945 carcere
1011 874 1198 944 detentum
1215 872 1336 943 fuisse
1364 893 1436 941 ne-

359 1024 456 1073 ccsse
477 1010 549 1084 est;
576 1002 604 1071 si
629 1000 736 1071 modo
762 1021 846 1070 vera
871 999 952 1081 sint,
970 1021 1048 1090 qua
1069 996 1115 1066 de
1135 996 1278 1067 dissidio
1309 995 1435 1065 illum

357 1127 451 1196 inter
492 1135 529 1195 et
573 1123 765 1195 Meletium
809 1119 1103 1216 Lycopolitanum
1146 1107 1184 1191 in
1225 1113 1433 1192 Thebaide

358 1250 560 1340 episcopum
595 1257 660 1318 ⁸ex
694 1246 848 1328 incertis,
882 1254 925 1314 ut
958 1246 1092 1337 opinor,
1129 1244 1159 1314 si
1198 1265 1270 1312 non
1305 1243 1431 1324 fictis,

358 1371 635 1442 Meletianorum
659 1371 748 1441 actis
774 1368 993 1463 Epiphanius
1017 1360 1313 1454 resumeres.
1337 1364 1428 1456 68.)

358 1493 453 1564 Mihi
485 1493 628 1586 quidem
657 1494 694 1563 in
720 1515 759 1563 re
783 1494 919 1562 incerta
949 1491 1121 1562 divinanti
1147 1489 1336 1582 probabile
1367 1491 1428 1559 vi-

358 1618 470 1700 detur,
502 1617 649 1688 Petrum
679 1616 745 1688 sub
776 1615 1000 1685 Diocletiano
1028 1613 1087 1684 vol
1115 1612 1259 1683 Galerio
1286 1611 1427 1684 Maxi-

356 1742 513 1811 miniano
537 1742 575 1810 in
600 1741 760 1812 custodia
788 1740 971 1823 traditum,
999 1738 1226 1831 postmodum
1256 1737 1422 1808 vinculis

356 1863 568 1946 absolutum,
604 1865 750 1934 demum
787 1865 854 1935 sub
892 1862 1094 1934 Maximino
1137 1883 1278 1954 passum
1317 1884 1417 1932 esse.

357 1985 463 2057 Certe
489 1983 687 2057 luculenter
712 1987 821 2057 tradit
843 1987 1029 2070 Eusebius,
1051 1984 1132 2075 (loc.
1150 1986 1226 2079 cit.)
1251 1986 1313 2077 qui
1338 1985 1418 2055 hac

356 2111 432 2201 ipsa
465 2118 678 2201 tempestate
711 2110 748 2178 in
777 2109 933 2203 AEgypto
968 2108 1181 2191 versabatur,
1214 2107 1264 2177 ibi
1294 2109 1416 2178 etiam

356 2233 393 2300 in
427 2254 602 2302 carcerem
637 2232 810 2313 detrusus,
841 2231 990 2302 Petrum
1023 2231 1162 2301 nullum
1192 2232 1238 2302 ob
1268 2233 1413 2302 crimen

355 2345 659 2446 comprehensum,
672 2365 802 2448 practer
813 2357 972 2426 omnium
989 2357 1274 2448 expectationem
1283 2357 1411 2428 subito

356 2486 394 2547 ct
418 2478 550 2571 absque
575 2478 649 2550 ulla
672 2478 845 2574 probabili
867 2499 972 2548 causa
991 2476 1066 2548 solo
1090 2476 1282 2549 Maximini
1298 2479 1409 2570 jussu

355 2604 471 2696 capite
513 2612 716 2675 tmnoatum
759 2624 845 2673 esse.
914 2600 1019 2672 bHoc
1057 2603 1090 2672 ei
1125 2603 1275 2697 contigit
1307 2625 1407 2673 anno

353 2728 606 2817 persecutionis
656 2750 760 2810 nono,
811 2727 1034 2819 episcopatus
1077 2728 1131 2797 sui
1178 2725 1404 2811 duodecimo,

354 2845 485 2919 Christi
505 2853 588 2918 311.

394 3105 407 3133 ¹
428 3096 632 3177 Epiphaniana
646 3098 725 3158 istaec
738 3099 834 3158 dubia
848 3119 910 3159 esse
925 3099 993 3158 lidei
1006 3110 1075 3158 ante
1085 3098 1244 3158 docuerant
1255 3099 1402 3158 Batonius

352 3205 383 3253 et
405 3194 553 3263 Pctavius,
574 3197 622 3255 hic
642 3198 673 3255 in
695 3196 784 3257 Notis
806 3197 842 3255 ad
864 3198 1071 3276 Epiphaniam,
1093 3196 1143 3256 ille
1167 3194 1197 3254 in
1223 3195 1397 3255 Annalibus.

353 3290 458 3350 Plures
471 3304 569 3351 autem
584 3293 741 3353 eorundem
757 3306 886 3353 actorum
902 3314 1014 3354 errores
1033 3294 1161 3353 indicare
1178 3294 1239 3370 jam
1257 3293 1342 3352 licuit
1360 3314 1398 3353 ex

352 3388 484 3466 Epistola
500 3390 705 3469 Episccpcrum
719 3392 760 3450 cd
774 3392 922 3451 Meletium
936 3391 1014 3450 infra
1031 3391 1195 3467 subjuncta,
1215 3411 1280 3469 qua
1300 3411 1316 3449 a
1333 3391 1398 3450 Sci.

351 3479 438 3557 pione
452 3482 554 3542 Mallei
569 3484 693 3562 primum
708 3485 786 3545 edita
799 3496 852 3545 est.

392 3576 405 3614 ¹³
427 3578 473 3637 De
494 3581 526 3638 S.
543 3581 624 3641 Petri
645 3583 829 3663 episcopatus
849 3585 1008 3662 mortisque
1027 3585 1110 3643 annia
1126 3584 1203 3643 inter
1223 3584 1398 3643 recentiores

350 3676 411 3733 lere
425 3696 525 3736 omnes
539 3680 683 3738 convenit.
727 3679 774 3738 De
784 3681 861 3739 festo
874 3680 948 3757 ejus,
963 3680 1041 3758 quod
1058 3701 1076 3738 a
1092 3680 1240 3739 veteribus
1255 3699 1396 3739 memora·

350 3782 409 3839 tur,
434 3774 566 3834 consulas
590 3776 699 3835 Bedam
725 3777 854 3855 aliosque
879 3778 1106 3858 Martyrologos.
1157 3777 1298 3837 Ceterum
1320 3778 1397 3837 inter

349 3865 421 3926 alios
445 3868 521 3930 viros
545 3872 672 3951 insignes
693 3874 820 3933 Paulum
840 3894 938 3935 senem
961 3875 1043 3934 Petri
1064 3874 1200 3954 martyris
1222 3874 1396 3953 discipulum

350 3964 536 4026 Alexandria
550 3969 639 4028 vitam
654 3970 748 4031 adhuc
761 3971 855 4051 egisse
868 3983 1066 4031 commorante
1079 3972 1110 4029 in
1124 3971 1176 4030 illa
1189 3973 1261 4031 urbe
1275 3971 1394 4039 Rufino,

348 4063 499 4139 sexaginta
517 4077 583 4144 post
597 4067 679 4126 Petri
700 4080 823 4128 mortem
842 4089 942 4137 annos,
958 4068 1019 4148 ipse
1036 4068 1158 4128 tradidit
1177 4069 1253 4128 idem
1269 4067 1396 4126 Rufinus

348 4154 378 4311 r}
391 4154 540 4311 Iliaoectioc
559 4160 682 4222 Secund.
698 4164 728 4222 ia
739 4164 860 4223 Hieron.
873 4164 980 4243 pass.
993 4164 1040 4224 ed.
1056 4165 1182 4223 Froben.
1198 4175 1270 4222 tom.
1281 4166 1319 4221 iv.
1337 4163 1393 4240 op.

375 4296 381 4309 .
421 4275 507 4315 ceron.
