3242 5150
332 427 364 488 S.
388 427 608 490 DIONYSII
635 426 778 490 ALEX.
802 428 867 491 DE
892 428 1107 492 NATURA.
1181 430 1245 498 419

195 595 242 676 τὰ
269 600 306 676 ἓν
334 599 430 702 αὐτῷ
454 597 882 701 πολυπραγμονήσαντες,
912 599 955 679 τὸ
988 600 1161 701 μέγιστον
1187 602 1244 680 ἐπὶ

195 731 261 832 τὴν
287 734 404 812 αὐτῶν
425 732 496 832 (for.
522 737 655 840 αὐτῶν)
682 741 820 838 γνῶσιν
844 736 1089 842 ἐφελκῶμεθα.
1151 752 1245 810 Extat

196 865 227 923 in
246 866 375 926 editione
397 868 528 927 Romano
553 869 608 948 op.
633 871 664 928 S.
678 869 815 948 Dionysii
837 870 919 928 Ales.
943 891 1008 948 png.
1021 873 1059 946 67
1080 883 1110 930 et
1127 871 1157 928 in
1179 872 1246 931 Lib.

198 969 334 1029 Secundo
357 973 463 1031 Rerum
482 975 564 1032 Socr.
589 974 701 1033 Leontii
722 983 748 1032 et
772 974 897 1032 Joonnis
921 973 951 1032 in
976 973 1134 1032 Vol.V11.
1158 977 1247 1034 Novoe

171 1086 187 1144 5
202 1075 379 1135 Collectionis
394 1079 421 1135 V
418 1087 452 1136 et.
470 1079 647 1157 Scriptorum
662 1100 678 1137 ο
691 1079 726 1137 ol.
737 1078 854 1155 Angelo
867 1079 949 1137 Maio
964 1078 1107 1138 editorum
1121 1102 1186 1160 pag.
1196 1082 1246 1156 98.

198 1254 315 1331 operuit
329 1253 464 1312 mundus.
497 1254 540 1312 Ut
556 1255 632 1312 circa
653 1255 697 1329 ip.
747 1254 785 1312 od
792 1255 1037 1334 nosmetipsorum
1051 1256 1246 1334 cognitionem

198 1352 273 1398 sum.
293 1353 396 1409 rosque
413 1334 443 1391 in
466 1335 530 1413 ipso
549 1333 698 1392 studosius
748 1334 939 1393 attrahamur.

198 1423 327 1489 agentes,
351 1413 429 1490 quod
455 1414 615 1471 maximum
643 1423 697 1478 est,

689 1589 760 1653 III.

254 1703 441 1779 -ἐπεὶ
467 1703 525 1779 καὶ
553 1698 742 1796 σύμβολος
762 1706 832 1800 (for.
857 1700 1085 1807 σύμβουλος)
1114 1702 1250 1802 ἀγαθὸς

156 1829 307 1938 ιοῶφθη
334 1832 457 1938 ξένοις,
487 1841 562 1942 (for.
589 1839 627 1914 ἐν
652 1836 797 1942 ξένοις),
837 1833 1048 1918 ὁπολλάκις
1075 1839 1113 1915 ἐν
1141 1837 1249 1942 οἰκείᾳ

198 1973 318 2071 βουλῇ
335 1968 507 2074 σφαλῶν.
535 1969 738 2074 τυφλώττει
755 1969 822 2070 μέν
840 2004 893 2052 τις
911 1971 968 2049 ε’πὶ
985 1967 1082 2048 πολὺ
1100 1975 1179 2072 περὶ
1204 1969 1250 2049 τὰ

199 2102 295 2207 αὐτῷ
312 2102 543 2204 προσήκοντα
560 2103 619 2183 διὰ
638 2106 841 2210 φιλαυτίαν·
867 2107 1113 2206 ἀπροσπαθῶς
1136 2104 1173 2184 δὲ
1192 2107 1250 2183 καὶ

199 2236 434 2342 σχολαζούσῃ
451 2243 497 2342 τῇ
516 2239 652 2345 διανοίᾳ
667 2245 739 2323 τοῖς
758 2238 858 2323 ἐκτὸς
876 2237 1010 2340 προϊὼν
1028 2241 1117 2344 ῥᾷον
1141 2239 1250 2319 αὑτὸν

203 2371 276 2474 (for.
295 2371 431 2475 αὐτῶν)
452 2371 673 2451 εὐσύνοπτον
691 2372 787 2477 ’ίσχει
803 2376 861 2450 καὶ
881 2375 1070 2477 καταφανῆ
1091 2371 1157 2471 τὴν
1175 2373 1248 2452 διοί-

157 2513 317 2603 ι5θεσιν·
352 2503 427 2586 εἶτα
453 2508 594 2589 ἐκείνοις
622 2509 889 2609 συγκροτηθεὶς,
918 2507 977 2584 καὶ
1007 2509 1250 2605 διαδονισθεὶς,

201 2639 469 2745 ε’ντμεχέστερός
500 2676 537 2721 τε
568 2649 660 2721 νοεῖν
689 2639 887 2743 γενόμενος,
917 2641 975 2719 καὶ
1007 2640 1133 2720 ἑαυτοῦ
1165 2641 1251 2721 ποτὲ

203 2774 500 2875 συναισθήσεται,
511 2777 545 2856 εἴ
555 2811 597 2878 γε
608 2782 667 2856 καὶ
679 2782 742 2875 τῆς
757 2779 795 2855 ἐν
813 2783 886 2859 τοῖς
899 2776 1148 2878 περικειμένας
1161 2779 1252 2875 ἀλη-

203 2911 298 2994 θείας
316 2910 507 3015 ὀξυδερκὴς
529 2911 740 3010 ἐπιγνώμων
765 2910 903 3011 γε’νοιτο
921 2914 994 3018 (tor.
1013 2909 1151 3010 γε’νοιτο
1169 2910 1256 3016 ἄν).

204 3046 295 3103 Extat
314 3046 364 3102 ubi
381 3065 470 3123 supro
487 3043 517 3101 in
535 3046 566 3103 S.
583 3045 720 3125 Dionysii
734 3046 818 3103 Ales.
835 3045 979 3125 Roiiqniis
992 3067 1021 3125 p.
1033 3046 1081 3122 67.
1098 3058 1128 3105 et
1143 3067 1171 3125 p.
1186 3048 1252 3117 108,

156 3171 194 3210 το
204 3147 275 3207 Vol.
288 3148 364 3207 v11.
381 3147 514 3207 Maianoe
530 3148 707 3207 collectionis
725 3150 784 3207 Vct.
800 3148 989 3228 Scriptorum.

244 3320 489 3399 Quandoquidem
521 3322 702 3381 oonsiliarius
752 3323 937 3402 oonspiouom
952 3332 983 3380 et
1000 3321 1183 3381 manifestam
1203 3321 1253 3379 ha-

203 3401 701 3481 bonusinperegrinisvisusestille.
752 3405 822 3473 bet;
859 3402 965 3461 deinde
991 3402 1050 3461 illis
1080 3402 1198 3460 collisus
1225 3412 1255 3460 et

204 3483 255 3560 qui
270 3484 376 3561 saepius
394 3482 423 3540 in
448 3484 565 3563 proprio
583 3484 704 3542 consilio
754 3483 909 3549 discussus,
926 3483 1079 3559 factusque
1094 3482 1130 3539 od
1145 3479 1253 3538 intelli-

204 3564 354 3622 titubavit.
390 3565 518 3621 Coecutit
532 3563 703 3641 plerumque
754 3562 882 3641 gendum
898 3562 1042 3626 solertior,
1058 3562 1184 3639 seipsum
1201 3560 1255 3617 ali.

158 3668 194 3729 ²⁵
206 3644 344 3782 tiit.
362 3644 438 3781 ⁰32⁰:
454 3644 585 3781 titt}
594 3644 704 3781 titi:
755 3642 874 3781 3332?
886 3640 1255 3781 tittttttftdi‘tt

204 3744 704 3863 ieroaffeciionemanimiac'mente
754 3803 954 3872 circumstant,
963 3741 1067 3862 acutui
1077 3764 1178 3861 censui
1186 3740 1254 3859 ‹ivo-

204 3882 363 3960 tranquillo
372 3883 408 3941 ad
421 3893 541 3941 externo
554 3882 702 3951 accedens,
754 3882 846 3942 deret.

205 3962 291 4021 focile
323 3962 451 4041 ipsorum
484 3962 704 4043 dispositionem
