3242 5150
392 381 457 450 218
479 381 713 449 JUSTELLI
739 381 802 446 ET
827 382 1089 447 BEVEREGII
1117 383 1396 447 ANNOTATT.

393 558 484 618 coacti
507 569 586 626 aunt,
610 570 640 617 et
660 556 771 616 nullam
796 556 853 616 sibi
870 557 982 624 urbem,
1001 556 1052 615 sed
1072 566 1188 615 tantum
1207 556 1353 634 regionem
1374 556 1443 614 urbi

393 656 479 715 alicui
512 657 682 733 subjectam,
712 653 885 732 assignatam
918 654 1069 718 haberent,
1096 664 1212 712 tuntum
1243 652 1442 732 chorepiscopi

393 765 485 820 eraut,
500 752 547 810 vel
569 751 672 811 vicarii
693 751 907 830 episcoporum,-
928 748 1172 828 quemadmodum
1192 749 1358 808 Ferraudus
1371 749 1441 807 Dia·

393 870 493 917 conus,
508 867 621 907 necnon
636 849 809 906 Cresconius
828 847 859 905 in
873 867 1016 906 canonum
1036 846 1179 905 breviario
1195 865 1245 905 eos
1263 857 1356 905 vocat.
1397 845 1441 904 Bt

394 949 511 1026 quidem
534 947 611 1006 vices
632 946 834 1025 episcoporum
855 943 1041 1022 usqueadeo
1057 955 1218 1021 gemerent,
1238 954 1273 1002 ut
1292 942 1371 1001 omni
1390 963 1441 1002 cos

393 1043 551 1125 episcopali
573 1063 642 1103 cura
663 1061 870 1119 nonnunquam
888 1041 1028 1100 levarent.
1072 1039 1160 1099 Unde
1177 1041 1208 1098 in
1223 1040 1321 1099 Caroli
1336 1039 1440 1118 Magni

394 1140 602 1221 capitularibus
626 1141 810 1199 observatum
835 1149 889 1205 est,
913 1139 1133 1218 chorepiscopos
1154 1136 1310 1214 aliquando
1333 1135 1440 1194 cousti-

393 1251 474 1299 tutos
498 1259 560 1298 esse
583 1239 619 1298 ab
637 1236 762 1296 indoctis
783 1235 936 1314 episcopis,
957 1236 1008 1313 qui
1029 1236 1092 1293 ruis
1113 1234 1253 1314 quietibus
1270 1241 1296 1292 et
1317 1232 1437 1290 delecta-

394 1335 518 1395 tionibus
542 1335 689 1393 intereat.
720 1332 848 1409 Capitul.
872 1332 922 1390 lib.
938 1333 978 1391 vi.
1004 1353 1066 1411 cap.
1087 1351 1154 1409 1¹9·
1196 1331 1239 1389 Et
1261 1331 1303 1388 sic
1322 1327 1439 1407 quidem

394 1431 533 1492 Sidonius
547 1431 597 1492 lib.
607 1433 646 1490 iv.
662 1451 709 1511 ep.
723 1449 767 1488 ιι.
782 1430 820 1489 de
839 1429 1001 1489 Claudiano
1014 1429 1108 1488 Marci
1122 1427 1301 1488 Viennensis
1313 1424 1439 1506 episcopi

394 1531 485 1590 frutre
498 1531 560 1588 hoec
574 1529 643 1588 olim
658 1528 773 1588 cecinit.

599 1626 792 1705 Antistessuit
807 1625 907 1685 ordine
921 1626 1095 1692 insecundo,

600 1725 733 1782 Fratrem
738 1723 830 1802 susce
841 1724 938 1781 leuans
952 1722 1116 1801 episcopali.

601 1823 677 1880 Num
692 1823 727 1880 de
740 1821 883 1900 pontificis
896 1829 993 1879 tenore
1005 1819 1115 1887 urimini,

600 1919 656 1977 Ille
670 1918 796 1997 insignio
811 1921 941 1996 sumpsit,
956 1919 1002 1976 tric
1015 1917 1150 1975 laborem.

396 2013 454 2074 Ubi
469 2027 503 2074 ut
518 2015 617 2074 videre
636 2027 690 2081 est,
707 2015 886 2072 Claudianus
901 2014 1035 2072 Antistes
1054 2013 1172 2090 quidem
1194 2013 1312 2080 dicitur,
1327 2011 1376 2072 sed
1392 2031 1440 2069 or·

394 2113 463 2171 dine
480 2111 510 2170 in
530 2113 657 2171 secundo
671 2111 806 2170 Antiates
820 2132 882 2170 esse
903 2131 962 2170 nou
984 2111 1082 2190 potuit
1101 2111 1156 2170 nisi
1176 2112 1328 2191 episcopus
1345 2122 1439 2182 esset3

395 2210 587 2287 nequeenim
610 2209 760 2288 presbyter
781 2228 910 2286 unquam
932 2208 1067 2266 Antiates
1088 2207 1214 2267 dicitur:
1235 2208 1288 2266 sed
1306 2206 1441 2266 Antiates

394 2306 495 2365 ordine
515 2305 642 2365 secundo
660 2305 834 2384 appellatur,
850 2305 985 2382 quoniam
1007 2325 1066 2362 uon
1085 2304 1177 2383 ipsius
1191 2306 1271 2364 urbis
1288 2305 1443 2384 episcopus

395 2402 463 2468 fuit,
479 2403 530 2462 sed
545 2412 658 2461 tautum
678 2403 920 2482 chorepiscopus;
942 2404 984 2461 ita
997 2413 1104 2473 tamen,
1120 2415 1154 2462 ut
1172 2405 1290 2462 fratrem
1309 2404 1387 2461 fusce
1399 2402 1442 2460 le·

394 2513 475 2560 varet
488 2499 654 2581 episcopali,
670 2511 700 2558 et
714 2499 750 2558 de
765 2500 870 2558 summi
885 2499 1031 2579 pontificis
1045 2510 1146 2559 tenore
1156 2499 1282 2559 laborem
1293 2510 1421 2560 sumeret
1429 2521 1440 2570 ;

395 2600 515 2678 quodsi
534 2598 612 2657 baud
630 2596 768 2676 possibile
782 2609 868 2665 esset,
888 2597 944 2655 nisi
965 2598 1028 2676 ipse
1047 2597 1135 2656 etiam
1154 2599 1307 2677 episcopus
1327 2597 1441 2656 fuisset.

395 2697 438 2755 Et
458 2698 500 2756 sic
520 2696 636 2773 quidem
653 2695 825 2755 Gennadius
845 2695 875 2753 iu
897 2694 1028 2773 catalogo
1042 2694 1182 2753 Virorum
1201 2694 1370 2761 illustrium,
1389 2694 1441 2753 ubi

392 2792 431 2851 de
446 2792 583 2851 Salviano
598 2792 723 2861 disserit,
738 2792 850 2850 dictum
866 2790 1060 2850 Claudianum
1080 2791 1240 2871 episcopum
1258 2792 1441 2851 Viennensem

392 2887 540 2967 uppellat:
570 2908 629 2945 uon
654 2888 801 2947 immerito
824 2887 952 2965 quidem,
977 2908 1044 2947 cum
1068 2899 1131 2947 tota
1155 2889 1338 2969 episcopatus
1361 2888 1442 2947 illius

395 3004 464 3043 cura
485 2983 513 3042 ei
533 2982 707 3041 incubuerit.
751 2984 826 3041 Cum
853 2984 909 3041 hoc
932 2995 1029 3043 sutem
1055 2997 1156 3064 postea
1177 2988 1264 3047 nimis
1287 3006 1441 3046 commuue

393 3081 486 3139 fuerit
504 3090 534 3138 et
553 3079 704 3146 usitatum,
720 3089 755 3137 ut
773 3080 902 3159 episcopi
922 3083 983 3139 otio
1004 3103 1058 3141 suo
1076 3095 1107 3142 et
1126 3082 1335 3162 voluptatibus,
1349 3081 1442 3161 magis

394 3196 481 3255 qnam
495 3174 623 3235 ecclesiis
638 3174 692 3232 sibi
712 3176 881 3245 commissis,
896 3179 1089 3249 consulentes,
1104 3180 1323 3259 chorepiscopos
1341 3182 1441 3239 subse

394 3272 617 3336 constituerent,
632 3271 683 3348 qui
702 3272 780 3331 vices
794 3293 861 3331 suas
879 3276 909 3332 iu
924 3276 1003 3333 omni
1017 3275 1172 3356 episcopali
1190 3276 1442 3336 administratione

394 3370 574 3451 supplerent,
588 3369 645 3427 boc
665 3390 682 3428 u
701 3369 833 3429 Concilio
853 3371 1000 3430 Meldeusi
1018 3394 1065 3432 an.
1079 3374 1118 3431 D.
1134 3376 1202 3449 845.
1216 3374 1325 3440 habito,
1342 3373 1442 3453 probi-

396 3469 490 3527 bitum
506 3477 560 3535 est,
576 3477 752 3544 cautumque
767 3478 809 3533 ut,
825 3467 853 3525 si
866 3468 1011 3546 episcopus
1024 3469 1148 3527 ciuitatis
1158 3479 1278 3548 propter
1291 3468 1440 3537 desidiam,

396 3574 446 3623 out
472 3565 625 3623 secularem
647 3565 888 3643 pervagationem,
911 3566 957 3623 uel
975 3575 1094 3644 propter
1115 3566 1307 3642 infirmitatem
1330 3567 1442 3625 modurn

394 3684 473 3721 sunm
500 3662 708 3740 chorepiscopis
736 3664 935 3721 transcendere
962 3667 1142 3729 consenserit,
1167 3665 1333 3721 sententium
1357 3684 1443 3722 cuno-

396 3758 488 3818 nicum
511 3759 590 3817 debet
615 3760 769 3830 ostendere,
795 3780 852 3839 qua
877 3763 1018 3819 decretum
1041 3769 1091 3829 est,
1116 3769 1146 3819 ut
1169 3763 1219 3840 qui
1242 3768 1339 3819 contro
1364 3760 1443 3819 dicto

394 3854 653 3933 cnnonnmsecerit,
666 3856 780 3933 gradus
794 3857 841 3914 sni
852 3856 981 3935 periculo
995 3856 1057 3915 sine
1070 3862 1272 3916 retractatione
1281 3858 1442 3937 subjacent.

396 3953 508 4010 Concil.
531 3950 625 4010 Meld.
648 3972 710 4031 cap.
727 3972 778 4027 44.
802 3953 854 4012 sed
877 3973 937 4010 nou
961 3952 1154 4013 omittendum
1179 3964 1233 4020 cst,
1261 3954 1442 4033 chorepisco-

396 4070 498 4129 porum
518 4050 645 4108 officium
667 4048 779 4119 saltem,
794 4050 907 4108 etiamsi
928 4071 985 4108 uou
1008 4071 1114 4109 nomeu
1130 4052 1160 4108 iu
1175 4051 1286 4129 Anglia
1302 4052 1389 4111 etiam
1405 4052 1443 4110 ab

395 4146 517 4223 antiquo
530 4145 707 4205 obtinuisse:
731 4145 801 4204 dicti
821 4157 890 4205 sunt
909 4148 986 4206 euim
1003 4148 1130 4228 episcopi
1145 4148 1328 4227 suffraganei.
1370 4150 1443 4207 Non

396 4264 442 4302 me
461 4242 543 4309 latet,
558 4264 658 4303 omnes
677 4244 764 4303 etium
786 4243 938 4321 episcopos
957 4244 1158 4324 suffraganeos
1176 4246 1265 4303 dictos
1286 4266 1353 4310 ease,
1368 4246 1443 4325 quod

394 4340 610 4421 archiepiscopo
623 4340 784 4421 snffingori
798 4348 825 4399 et
839 4343 974 4400 assistere
987 4350 1125 4401 tenentur.
1168 4341 1266 4401 Vocati
1283 4350 1350 4399 sunt
1369 4344 1441 4400 enim
