3242 5150
360 378 424 445 290
512 376 669 439 GESTA
694 372 1027 437 PURGATIONIS
1052 370 1251 436 FELICIS.

359 545 442 609 Nam
466 543 602 608 Paulino
624 543 676 606 hic
697 543 943 607 administrante
965 542 1049 606 vices
1074 541 1307 627 prael'eetorum,
1331 540 1405 604 sub-

359 659 491 716 ornatus
514 661 564 715 est
590 650 719 737 quidam
744 649 887 735 privatus
908 651 1014 727 homo,
1039 650 1094 733 qui
1120 650 1248 713 modum
1272 647 1410 712 cursoris

357 763 500 837 haberet,
516 760 570 844 qui
592 762 633 825 ad
656 760 821 825 catholica:
841 760 997 825 unitatem
1020 761 1152 836 veniret,
1168 768 1266 846 atque
1287 781 1342 824 eos
1361 759 1409 821 in-

357 873 488 936 duceret
502 877 536 934 et
558 878 702 934 terreret.
739 869 878 934 Detecta
897 870 995 954 igitur
1009 870 1107 934 factio
1122 877 1181 934 est.
1226 869 1309 932 Nam
1324 888 1408 932 com-

357 980 537 1066 ponebatur
563 978 660 1043 Felici
687 979 922 1064 religiosissimo
945 979 1093 1064 episeopo
1119 1000 1177 1063 per
1200 977 1407 1052 mendacium,

357 1099 394 1156 ut
409 1091 570 1155 videretur
589 1090 763 1174 scripturas
784 1089 960 1174 prodidisse
975 1096 1009 1154 et
1031 1089 1196 1153 exussisse.
1243 1087 1408 1172 lugentius

357 1201 494 1286 quidem,
510 1222 582 1264 curn
601 1199 662 1263 hoc
678 1208 794 1276 totum,
810 1198 985 1284 quicquid!
1004 1199 1131 1284 agebat,
1150 1199 1278 1263 obesset
1292 1197 1409 1262 sancti-

357 1311 420 1374 tati
444 1319 478 1374 et
500 1309 643 1395 religioni
664 1309 834 1386 Oaeciliaui,
850 1308 1042 1373 subornatus
1063 1317 1113 1372 est
1135 1320 1172 1373 ut
1191 1308 1313 1373 veniret
1335 1329 1408 1372 cum

357 1419 474 1483 litteris
489 1419 586 1483 veluti
602 1418 719 1481 Felicis
733 1417 873 1504 episcopi
894 1417 935 1480 ad
952 1417 1180 1480 zCaecilianum
1196 1416 1406 1494 duumvirum,

356 1538 391 1594 et
406 1530 434 1593 ei
451 1529 646 1616 confingeret
660 1553 682 1593 a
697 1529 804 1593 Felice
819 1551 852 1592 se
867 1551 936 1592 esse
954 1529 1153 1592 mandatum.
1201 1527 1322 1592 ⁸Dicat
1336 1527 1408 1612 ipsa

356 1639 453 1703 rerba
468 1639 582 1724 quibus
600 1638 660 1702 hoc
675 1648 725 1703 est
738 1636 918 1703 confictum.
956 1637 1108 1702 AElianus
1123 1637 1289 1723 proconsul
1304 1635 1404 1700 dixit:

358 1746 429 1811 Dic.
477 1748 683 1832 Apronianus
708 1747 809 1812 dixit:
843 1757 865 1784 “
881 1746 950 1823 Dic,
975 1747 1088 1832 inquit,
1112 1745 1278 1811 (laeciliano
1303 1745 1407 1810 amico

357 1866 378 1894 “
395 1879 465 1920 meo
489 1859 574 1941 quod
596 1858 720 1922 codices
746 1858 854 1942 accepi
876 1859 1031 1943 pretiosos
1056 1857 1183 1922 deificos
1198 1880 1242 1922 xr.
1270 1857 1407 1942 quiaque

357 1974 379 2003 “
395 1988 445 2028 me
465 1988 549 2029 nuno
568 1968 715 2031 convenit
730 1975 768 2033 ut
787 1968 857 2031 illos
872 1969 1050 2044 restituam,
1067 1968 1117 2032 dic
1137 1969 1222 2055 quod
1241 1989 1325 2031 auno
1339 1989 1405 2031 ma·

358 2084 379 2112 ‘⁴
395 2076 551 2159 gistratus
566 2076 614 2139 tui
629 2099 683 2140 eos
697 2078 865 2154 exusseris,
882 2100 921 2141 ne
937 2079 1068 2143 reddam
1083 2079 1182 2144 illos.''
1226 2079 1301 2148 Qua
1316 2079 1356 2142 de
1370 2099 1407 2142 re

356 2186 455 2270 igitur
469 2186 509 2250 de
526 2187 675 2272 Ingentia
686 2189 891 2272 quaerendum
903 2198 963 2268 est,
976 2197 1132 2275 quatenus
1143 2189 1211 2254 haec
1223 2188 1407 2254 machinata

231 2369 235 2374 ,
356 2295 420 2359 sint
442 2317 481 2359 ac
500 2296 666 2376 fabricata,
683 2304 717 2362 et
738 2308 896 2382 quatenus
911 2301 1046 2365 voluerit
1060 2299 1316 2364 circumscribere
1334 2320 1401 2363 ma·

354 2406 489 2489 gistrum
521 2409 602 2490 (for.
632 2409 869 2494 magistratum,
897 2410 1033 2496 Dupin.)
1063 2410 1105 2474 ad
1135 2409 1341 2488 mendacium,
1367 2416 1407 2473 ut

356 2515 494 2581 Felicem
507 2527 691 2604 aspergeret
702 2519 851 2597 infamia:
866 2520 954 2586 dicat
968 2543 989 2585 a
1003 2542 1066 2607 quo
1077 2520 1191 2585 missus
1202 2520 1263 2593 sit:
1280 2541 1403 2585 varum-

356 2634 463 2691 tamen
480 2628 494 2670 ''
504 2629 770 2694 machinationem
790 2631 886 2695 istam
905 2631 938 2694 in
958 2630 1182 2695 conscientiam
1199 2629 1324 2707 Felicis,
1340 2651 1406 2713 quo

354 2737 536 2801 cCaeciliani
561 2740 672 2823 pudori
695 2746 729 2803 et
750 2740 841 2804 initio
863 2740 1043 2824 derogaret.
1088 2740 1150 2804 Est
1170 2740 1254 2804 enim
1275 2740 1404 2825 quidam

355 2847 408 2930 qui
431 2870 488 2932 per
508 2850 740 2914 Mauritaniam
764 2859 797 2915 et
817 2850 1001 2914 Numidiam
1021 2851 1146 2935 lagatos
1167 2852 1282 2916 missus
1300 2852 1344 2917 sit
1364 2874 1405 2917 ex

355 2954 480 3019 diversa
503 2971 605 3040 parte.
650 2959 696 3022 Et
715 2960 863 3023 adstante
883 2960 1042 3045 Ingentio,
1067 2960 1216 3025 AElianus
1237 2960 1404 3046 proconsul

357 3064 458 3128 dixit:
482 3067 580 3148 Cujus
595 3075 755 3151 praecepto
775 3092 814 3133 ea
836 3070 1001 3155 suscepisti
1023 3071 1148 3155 agenda
1164 3092 1234 3155 quae
1249 3071 1308 3136 tibi
1322 3071 1404 3156 obji-

356 3173 502 3237 ciuntur?
526 3175 690 3259 Ingentius
712 3176 811 3241 dixit:
836 3179 922 3243 Ubii
945 3180 1092 3245 AElianus
1113 3180 1281 3265 proconsul
1301 3180 1401 3245 dixit:

357 3283 513 3361 Quoniam
528 3284 621 3369 fingis
635 3293 668 3349 te
689 3308 752 3350 non
771 3287 945 3373 intelligere
961 3291 1045 3373 quod
1069 3290 1285 3375 interrogaris,
1300 3291 1405 3355 dicam

355 3393 507 3478 apertius.
553 3394 632 3476 Quis
646 3403 680 3460 te
699 3397 740 3461 ad
763 3398 985 3483 magistratum
1001 3399 1202 3465 Oaecilianum
1217 3401 1326 3467 misit?
1350 3403 1403 3465 In·

353 3505 480 3591 gentius
495 3506 594 3570 dixit:
621 3508 723 3571 Nemo
744 3530 795 3573 ms
817 3508 911 3573 misit.
956 3510 1108 3575 AElianus
1121 3512 1288 3597 proconsul
1304 3512 1403 3577 dixit:

355 3614 521 3697 Quomodo
536 3636 612 3700 ergo
626 3617 738 3681 venisti
752 3618 795 3682 ad
810 3617 1033 3703 magistratum
1044 3619 1266 3685 Caecilianum?
1290 3621 1403 3707 Ingen-

355 3724 419 3788 tius
440 3725 540 3790 dixit:
564 3728 646 3791 Cum
668 3729 870 3806 venissemus,
892 3736 926 3793 at
945 3742 1095 3815 ageretur
1114 3752 1210 3795 causa
1231 3732 1339 3796 Mauri
1360 3734 1402 3798 ab

356 3834 455 3898 Utica
480 3835 628 3921 episcopi,
653 3838 707 3922 qui
734 3840 951 3925 episcopatum
973 3840 1033 3904 sibi
1055 3842 1202 3919 redemit,
1226 3841 1269 3905 ad
1291 3842 1402 3905 urbem

354 3943 498 4006 ascendit
519 3944 796 4012 ‘'Autumnitanus
819 3950 982 4034 episcopus
1008 3950 1099 4015 Felix
1122 3961 1160 4015 ut
1182 3956 1349 4028 tractaret,
1369 3959 1402 4017 et

388 4162 403 4200 r
418 4150 631 4215 (frangebatur.)
793 4159 902 4206 :Paetus
917 4160 946 4206 ad
962 4158 1123 4221 Augentium.
1141 4162 1194 4207 Vid.
1214 4162 1281 4222 iufra
1296 4174 1334 4223 pp.
1346 4174 1401 4225 ²9¹·

356 4230 423 4295 293.)
509 4243 523 4272 ⁸
534 4233 598 4298 (scr.
608 4234 713 4296 Dicam.)
833 4238 923 4302 b(sor.
936 4239 1083 4289 machinatio
1093 4250 1130 4291 ast
1140 4240 1207 4305 ista)
1295 4240 1358 4305 c(1,
1368 4248 1403 4291 ert

354 4314 478 4379 episeopus
491 4316 717 4379 Carmaoiaiensir.)
819 4320 830 4351 ‘¹
845 4322 1048 4383 (Aptungitanus.
1067 4322 1124 4370 Vid.
1136 4324 1227 4387 supra.)
