3242 5150
300 412 348 475 IN
376 411 631 474 ANCYRANI
656 410 874 474 CONCILII
901 412 1130 476 CANONES.
1177 411 1241 482 169

186 579 285 646 tribus
299 581 360 645 hoe
374 581 505 646 verbum
520 589 609 646 extet
624 580 775 645 οοθίοίδυι
788 583 911 667 emptis
928 586 978 658 26,
990 590 1024 647 et
1033 585 1109 665 625,
1120 589 1155 647 et
1166 601 1241 667 205,

187 684 375 749 eonveuieus
397 683 470 749 huie
492 683 570 761 1000,
586 706 677 768 aeque
698 690 796 768 etque
817 683 939 748 (iunoni
956 685 1104 749 XXIII.
1124 686 1157 748 iu
1177 707 1240 769 quo

187 787 272 850 idem
288 787 440 871 sequitur,
456 787 559 850 virum
572 786 610 850 el.
626 787 658 849 in
674 807 709 850 re
724 786 823 850 dubie
837 796 967 852 secutus
980 809 1058 852 sum.

233 888 273 952 P.
283 909 320 956 12
323 889 377 973 5.I.
384 886 593 974 9.πληρδσαι]
604 886 802 952 Balsamonis
811 888 1053 953 Comment'Ano
1060 891 1131 971 δρον
1137 891 1241 972 δρχαι-

190 991 294 1072 οτέρου
306 993 563 1070 ἑκκλησιαοτικοῦ,
575 993 649 1054 κατδ
663 993 756 1069 μόνας
765 993 817 1057 τὰς
825 993 999 1059 τελευταίας
1013 993 1175 1065 θναπνοδς,
1192 994 1242 1069 τῆς

190 1099 249 1156 τῶν
271 1093 359 1157 θείων
381 1092 574 1175 θγιασμότινν
592 1090 791 1174 μετσλήψεως
813 1091 949 1171 ἠξιοῦντο
975 1096 1006 1156 ai
1029 1096 1243 1172 συλλαβοῦσαι

191 1195 352 1275 λαθραίοις,
374 1196 423 1258 καὶ
443 1194 543 1260 διὰτὸ
566 1194 607 1273 μὴ
632 1196 851 1276 ἐπιγνωσθῆναι
871 1196 1048 1276 θναιροΰσαι
1070 1197 1108 1258 τὰ
1128 1195 1243 1274 ἔμβρυα

191 1295 287 1359 αὐτῶν
302 1294 364 1360 καθ
380 1297 550 1376 οἱονδήτινα
564 1298 670 1378 λόγου.
691 1299 720 1360 oi
732 1299 764 1361 δὲ
779 1301 831 1375 τῆς
850 1299 976 1361 συνόδου
995 1300 1100 1376 ταύτης
1117 1295 1243 1376 πατέρες

191 1398 539 1480 φιλανθραπευσᾶμενοι,
556 1401 669 1480 ὥρισαν
682 1402 757 1477 μετδ
776 1399 847 1462 δέκα
867 1398 1018 1464 ἐνιαυτοὺς
1036 1397 1244 1479 μεριζομένονς

192 1502 234 1566 είς
256 1501 324 1566 τοὺς
345 1499 492 1581 τέσσαρας
510 1503 646 1583 βαθμοὺς
664 1507 723 1565 τῶν
746 1502 909 1580 ἐπιτιμίων,
936 1501 1030 1580 ἤγουν
1054 1503 1096 1567 είς
1115 1499 1168 1562 τὸν
1191 1502 1244 1561 τοῦ

191 1603 434 1682 προσκλαίοντος,
451 1603 504 1667 τὸν
518 1611 570 1668 τοῦ
592 1604 791 1685 ἀκροωμένου,
806 1603 860 1666 τὸν
880 1607 932 1665 τοῦ
951 1604 1177 1674 ὑποπίπτοντας.
1194 1603 1242 1666 καὶ

191 1705 245 1768 τὸν
269 1709 322 1768 τοῦ
348 1713 544 1782 συνεστῶτος,
570 1706 815 1786 μεταλαμβάνειν
838 1703 936 1771 οὗτός·
964 1705 1092 1785 φθόριον
1118 1703 1152 1767 δέ
1177 1704 1243 1765 ἔστι

193 1807 272 1871 θπον
293 1806 451 1889 φάρμακον
470 1813 596 1890 φθεῖρον
610 1808 644 1871 τὸ
669 1808 935 1889 ἑγκυμονοθμενον·
956 1805 1107 1889 ἆνόγυοθι
1124 1808 1178 1870 τὸν
1196 1803 1240 1883 β’.

193 1907 304 1972 κόνονα
325 1913 378 1972 τοῦ
401 1912 488 1992 ἁγίου
508 1912 678 1983 Βασιλείου,
695 1910 811 1975 καὶτὸν
834 1908 891 1994 λα’.
916 1914 967 1988 τῆς
988 1909 1021 1972 ἓν
1035 1913 1076 1995 τῷ
1094 1910 1242 1992 Τρσόλλιρ

193 2013 330 2084 συνόδου,
347 2013 396 2076 καὶ
410 2013 464 2092 τὴν
480 2015 638 2095 ἑρμηνείαν
653 2013 758 2077 αὐτῶν.

558 2181 719 2245 CANON
745 2181 874 2246 XXII.

239 2309 321 2374 Ibid.
337 2309 357 2374 I.
376 2329 423 2372 10.
441 2314 586 2373 ΚΑΝΩΝ
610 2307 676 2394 ΚΒ]
694 2309 921 2374 commutatus
936 2318 986 2371 est
1008 2308 1087 2371 ordo
1104 2307 1244 2373 Cononis

159 2488 163 2496 ι
195 2412 289 2497 huJus
310 2417 407 2496 atque
429 2411 571 2496 proxime
598 2410 760 2494 sequentis
786 2433 807 2476 α
834 2409 1007 2494 Beveregio
1029 2409 1061 2472 in
1085 2411 1243 2493 Synodion

197 2511 313 2577 Itidem
343 2512 446 2577 Versio
469 2512 659 2577 Hereetiona
684 2513 840 2576 Οσνιουινυ
863 2534 930 2576 eum
953 2511 1135 2576 Balsamene
1153 2512 1244 2596 june-

195 2625 303 2693 ιον-νυν,
320 2615 545 2699 Blusteresque
567 2615 600 2678 in
619 2616 814 2700 όμιίαρυιαίο
832 2614 893 2679 Lit.
909 2623 944 2695 φ.
958 2635 1027 2697 οαρ.
1038 2636 1068 2678 v.
1085 2636 1157 2699 pag.
1170 2630 1244 2699 254.

196 2718 341 2795 eundem,
358 2738 451 2801 quem
467 2716 657 2802 Beveregius
672 2716 811 2801 praesert,
828 2716 971 2779 ordInem
986 2715 1085 2779 seeuti
1098 2716 1245 2793 fuerent;

195 2819 280 2905 apud
297 2818 475 2883 Blostarem
490 2821 573 2883 enim
588 2820 620 2883 in
636 2819 740 2883 verbis
759 2824 809 2897 τῆς
826 2820 860 2881 ἓν
878 2819 1099 2903 Νεοκαισαρείᾳ
1119 2820 1246 2882 συνόδου

197 2920 295 2986 κανιδν
312 2919 371 3001 ιβ’.
394 2922 556 3007 Aneyreui
578 2922 701 2987 oonoilii
716 2944 831 2985 nomen
853 2921 1070 3005 reponendum
1092 2930 1152 2986 est.
1198 2924 1246 2986 At

196 3023 287 3087 seriei
308 3024 474 3100 communi,
490 3047 585 3109 quarn
608 3048 668 3112 ego
688 3026 815 3099 retinui,
829 3025 938 3109 οσηρίί
957 3024 1066 3089 favent
1083 3024 1247 3087 Boeotum·

195 3146 292 3187 οιυιιοι
306 3130 422 3208 praeter
435 3124 509 3188 duee
523 3125 592 3191 illos
605 3146 678 3211 205.
691 3134 724 3190 et
742 3147 749 3189 ι
757 3129 810 3211 58.
855 3126 923 3191 Nee
938 3132 1142 3191 mutaverunt
1160 3126 1245 3191 illum

198 3227 304 3291 Graeei
320 3226 353 3289 in
369 3226 510 3291 Pedalie.

241 3328 323 3392 Ibid.
337 3329 358 3392 I.
378 3350 427 3393 11.
443 3336 495 3393 τοῦ
510 3332 543 3394 δὲ
558 3333 676 3395 τελείου
693 3332 765 3419 δια]
804 3330 898 3395 Nune
919 3330 1058 3418 primum
1079 3330 1180 3416 Iegem
1202 3331 1248 3397 le·

197 3438 265 3495 tum
280 3452 349 3497 esse
363 3432 404 3495 de
418 3432 609 3497 admissione
629 3433 859 3497 homicidarum
880 3434 913 3497 iu
930 3434 1019 3498 exitu
1042 3433 1116 3498 vitoe
1136 3432 1178 3496 ud
1199 3454 1248 3496 ee·

197 3533 299 3597 elesiae
314 3554 435 3618 paoem,
452 3535 588 3619 probare
603 3556 771 3619 aggressus
792 3543 843 3598 est
858 3533 1095 3617 Albuspiuaeus,
1110 3535 1159 3596 De
1181 3533 1247 3596 Vet.

197 3637 280 3702 Εσοί.
296 3635 420 3701 Ιίὶίίδιιο
444 3637 608 3702 Observare.
624 3637 678 3700 lib.
693 3638 725 3701 ii.
743 3642 768 3718 5.
786 3651 834 3721 15.
850 3644 883 3700 et
898 3639 946 3701 16.
991 3636 1064 3714 Sed,
1083 3658 1124 3699 ne
1144 3635 1248 3699 dicum

197 3738 343 3823 amplius,
365 3740 514 3823 quonium
536 3738 658 3823 priores
680 3738 924 3803 constitutiones
949 3737 1015 3800 sive
1039 3757 1175 3801 oenones
1200 3758 1248 3799 re-

198 3847 306 3924 petere
321 3848 354 3905 et
367 3841 585 3924 redintegrare
600 3840 792 3917 mouserot,
807 3838 893 3903 nullu
909 3839 1068 3903 interdum
1082 3838 1170 3902 fecte
1185 3838 1248 3922 pri·

198 3963 289 4006 orum
303 3943 506 4009 eouoiliorum
522 3943 691 4018 mentione,
708 3942 780 4005 ideo
795 3948 832 4005 ut
841 3941 1018 4026 colligatur,
1031 3941 1116 4025 quod
1131 3940 1248 4005 statuit

198 4044 246 4108 vir
260 4044 472 4129 doctissimus,
487 4045 540 4110 vix
555 4053 590 4110 et
604 4066 644 4108 ne
656 4044 708 4108 vix
723 4043 850 4127 quidem
865 4064 993 4107 neeesse
1009 4049 1066 4106 est.
1099 4044 1248 4107 Ceterum

199 4146 296 4210 hebet
326 4146 358 4209 in
381 4148 510 4227 Oenone
536 4168 625 4209 xxx1.
656 4144 831 4210 Concilium
859 4147 1057 4230 Epaonense‚
1083 4144 1116 4207 in
1141 4143 1249 4207 Gallia

199 4247 397 4314 Narbonensi
419 4271 504 4315 enno
525 4269 599 4334 517.
622 4248 829 4323 celebratum,
852 4248 948 4311 verbu
968 4267 1039 4331 quae
1057 4252 1248 4329 sequuntur:

200 4351 250 4414 De
257 4352 438 4436 ρααίίιυνία
456 4350 687 4427 homicidarum,
703 4350 757 4435 qui
776 4349 883 4413 saeeuli
905 4349 991 4433 leges
1012 4344 1180 4422 evaserint,
1196 4344 1249 4407 δον

244 4474 314 4516 vou.
331 4476 372 4518 ιν.
712 4476 729 4515 z
