3242 5150
376 392 443 458 9294
530 388 691 452 GESTA
713 385 1049 450 PURGATIONIS
1073 386 1273 449 FELICIS.

377 559 530 643 sanguine
552 579 632 621 meo.
681 557 828 620 AElianus
848 556 1016 641 proconsul
1037 555 1135 619 dixit:
1160 553 1268 619 ecum
1287 554 1433 618 duumvi-

376 682 483 732 ratum
495 666 597 753 egeris
612 665 644 729 iu
660 666 766 751 patria
778 673 847 740 tua,
858 671 986 750 oportet
1000 664 1094 730 iidem
1106 665 1209 728 verbis
1224 665 1290 729 tuis
1301 665 1432 728 habore.

377 777 583 862 Apronianus
602 775 704 840 dixit:
731 775 798 840 Noc
813 797 928 839 novum
948 782 999 839 est
1017 773 1078 837 illis
1097 775 1157 838 hoc
1177 773 1291 838 lacere.
1339 773 1433 838 Gete-

375 909 447 950 sum
469 897 503 950 et
524 885 606 950 actis
627 885 820 949 addiderunt
840 885 926 970 quod
940 885 1118 948 voluerunt.
1162 883 1237 948 Jam
1256 883 1433 948 artificium

375 1006 425 1060 est
446 995 515 1058 illis.
560 994 710 1057 AElianus
730 993 899 1079 proconsul
918 992 1017 1057 dixit:
1043 991 1094 1054 Ex
1117 992 1311 1076 professione
1331 992 1431 1058 0ωοί-

375 1105 463 1181 licui,
487 1103 541 1187 qui
566 1111 641 1167 acta
663 1103 781 1167 falsata
805 1125 874 1167 esse
897 1103 976 1167 dicit
998 1110 1096 1187 atquc
1121 1103 1264 1188 epistolae
1290 1102 1433 1187 plurima

376 1216 497 1291 additu,
513 1214 716 1278 manifestum
737 1220 787 1276 est
802 1235 866 1297 qua
886 1212 1049 1277 voluntate
1072 1213 1139 1276 haeo
1158 1213 1292 1296 gesserit
1313 1213 1432 1296 Ingen-

376 1327 450 1390 tius.
494 1325 541 1388 Et
562 1324 634 1388 ideo
655 1321 828 1406 recipiatur
850 1321 882 1385 in
898 1341 1066 1386 carcerem.
1113 1322 1173 1386 Est
1189 1324 1273 1387 enim
1295 1321 1432 1388 arctiori

376 1433 619 1518 interrogationi
635 1431 840 1496 necessarius.
886 1430 1023 1495 Felicem
1038 1441 1147 1496 autem
1166 1432 1350 1518 religiosum
1365 1433 1431 1517 epi·

376 1567 507 1630 scopum
528 1545 662 1608 liberum
684 1565 752 1608 esse
773 1543 816 1607 ab
839 1542 1005 1607 exustione
1027 1542 1312 1608 instrumentorum
1337 1542 1430 1607 deifi-

376 1678 485 1720 corum
504 1655 707 1719 manifestum
727 1660 786 1727 est,
803 1674 875 1717 cum
897 1674 990 1717 nemo
1010 1653 1130 1717 insum
1150 1652 1269 1737 aliquid
1288 1655 1431 1740 probare

376 1765 528 1849 potuerit,
544 1765 629 1848 quod
644 1762 895 1848 religiosissimas
910 1763 1083 1847 scripturas
1095 1763 1263 1828 tradiderit
1274 1766 1323 1828 vel
1336 1787 1430 1828 exus-

376 1875 463 1938 serit.
487 1875 636 1938 Omnium
647 1874 732 1937 enim
746 1873 977 1959 riuterrogatio
987 1875 1205 1960 suprascripta
1219 1875 1431 1940 manifestata

376 1992 436 2060 est,
461 1982 564 2047 nullas
584 1983 759 2066 scripturas
779 1981 909 2045 deificas
929 1983 977 2047 vel
999 1982 1154 2058 inventas,
1176 1984 1224 2048 vel
1246 1993 1429 2070 corruptus,

376 2093 425 2157 vel
450 2093 594 2156 incensas
619 2091 725 2179 luisse.
770 2091 846 2155 Hoc
876 2091 958 2156 actis
984 2093 1194 2170 ³oontinetur‚
1221 2095 1305 2178 quod
1335 2095 1429 2160 Felix

375 2201 541 2286 episeopus
555 2200 721 2284 religiosus
740 2199 801 2263 illis
822 2201 1018 2285 temporibus
1038 2223 1139 2288 neque
1158 2225 1297 2287 praesens
1317 2205 1428 2280 fuerit,

376 2333 478 2397 nequa
503 2310 729 2377 conscientiam
757 2314 1053 2387 accommodaverit,
1081 2335 1182 2399 neque
1211 2315 1276 2380 tale
1304 2316 1428 2402 aliquid

375 2422 442 2486 lieri
453 2422 596 2507 jusserit.
640 2422 810 2508 Agesilaus
826 2422 925 2488 dixit:
952 2424 1001 2488 De
1021 2423 1070 2488 his
1090 2424 1142 2509 qui
1165 2426 1207 2488 ad
1230 2433 1426 2510 potestatem

375 2541 514 2599 vostram
536 2533 755 2599 instruendam
778 2540 943 2612 venerunt,
967 2535 1042 2619 quid
1063 2536 1156 2621 jubet
1177 2543 1322 2621 potestas
1349 2539 1427 2603 tua!

375 2642 521 2707 AElianus
536 2644 702 2728 proconsul
718 2642 818 2707 dixit:
842 2644 1058 2709 Revertantur
1072 2646 1113 2709 ad
1129 2646 1218 2709 sedas
1232 2668 1317 2709 suas.

417 2752 557 2838 Explicit
580 2756 650 2837 (sic)
676 2755 766 2818 Gesta
787 2753 989 2839 Purpurionis
1008 2754 1124 2819 Felicis
1141 2756 1271 2841 mucopi
1292 2760 1427 2822 Autaei·

373 2864 477 2926 nitati
491 2862 679 2926 ordinatoris
695 2863 857 2927 Coeeilinnt‘
878 2864 1084 2949 Cartlapiais.
1130 2874 1244 2933 Extant
1265 2875 1294 2932 in
1317 2874 1376 2933 vol.
1393 2875 1424 2931 ii.

374 2973 496 3030 Miscell.
507 2973 610 3051 Steph.
621 2973 734 3031 Baluzii
749 2976 916 3053 ptr-89.
933 2988 963 3035 ct
978 2976 1013 3034 ad
1029 2977 1078 3035 fin.
1094 2999 1142 3057 op.
1155 2978 1187 3037 S.
1198 2980 1301 3059 Optati
1316 2980 1425 3041 edente

375 3070 508 3148 Dupinio
521 3089 551 3148 p.
564 3072 630 3128 162.

759 3194 1034 3233 ,4.-

390 3356 637 3429 EPISTOLA
665 3359 1019 3433 IMPERATORIS
1045 3362 1400 3434 CONSTANTINI

472 3542 528 3599 AD
549 3542 795 3602 PROBlANUM
817 3545 1122 3604 PROCONSULEM
1143 3547 1335 3613 AFRICAE.

435 3670 489 3734 Es
516 3673 684 3757 depactissi
711 3673 764 3737 lib.
781 3672 824 3737 iii.
856 3676 970 3739 Contra
998 3676 1190 3740 Crocotium
1214 3698 1283 3761 cap.
1302 3678 1353 3739 81.

681 3795 710 3848 at
724 3785 827 3870 Epist.
842 3786 981 3851 lxxxviii.
998 3808 1066 3873 cap.
1079 3810 1109 3869 4.

415 3897 632 3962 Iniuriarum
650 3902 795 3968 Caesares
816 3905 943 3970 Flavius
959 3906 1186 3973 Constantinus
1208 3906 1370 3971 Maximus
1385 3916 1418 3971 et

371 4004 520 4070 Valerius
541 4006 720 4076 Licinianus
741 4014 883 4079 Licinius
907 4016 1067 4081 Probiano
1090 4016 1267 4102 proconsuli
1290 4015 1416 4080 Airicae.

402 4141 417 4180 u
431 4132 482 4193 (Ex
492 4135 577 4184 ordina
587 4137 743 4188 decurionum
751 4142 824 4204 recipi
836 4158 885 4190 nou
902 4152 1015 4206 poterunt
1028 4144 1073 4193 nisi
1085 4144 1125 4207 qui
1138 4145 1269 4205 dionissimi
1282 4146 1384 4193 moisem
1394 4156 1419 4193 et

363 4214 525 4272 sandwicus
543 4227 623 4278 eamr,
638 4232 761 4272 muana
779 4228 844 4287 nvp.
866 4224 973 4274 Hom
992 4228 1019 4275 a
1032 4228 1061 4275 1..
1070 4226 1110 4285 4⁶.
1132 4242 1153 4276 e.
1174 4229 1203 4276 a
1219 4228 1414 4287 necaturum.)

369 4294 455 4358 ‘isffl
468 4298 656 4364 interrogatione
666 4307 882 4369 suprascriptorum
894 4309 1096 4371 manifestatum.)
1174 4308 1261 4373 ⁸(l1.e.
1274 4324 1340 4357 nunc
1351 4326 1418 4372 repu-

369 4376 443 4425 situm
452 4391 496 4428 aar.
521 4382 611 4433 enne.-
621 4399 674 4449 peg.
685 4386 738 4436 288.
751 4388 768 4435 l.
780 4387 831 4453 16.)
