3242 5150
348 438 566 503 CONCILII
593 440 847 504 ANCYRANI
872 440 1101 508 CANONES.
1186 445 1251 510 123

202 603 319 685 ἔτεσιν
337 603 588 703 ι’τποπεσόντες,
609 609 789 693 κοινωνίας
807 610 1087 714 τνγχανέτωσαν
1109 616 1173 710 τῆς
1200 619 1252 697 εἷς

200 734 264 821 τὰς
281 736 499 842 προσευχάς.
530 737 606 818 εἶτα
623 743 661 820 έν
674 746 895 849 τῇκοινωνίᾳ
906 746 1173 831 διατελέσαντες
1187 748 1249 846 ἔτη

199 872 313 970 πέντε,
327 871 407 954 τότε
425 877 481 953 καί
497 880 560 973 τῆς
573 883 788 982 προσφορᾶς
803 879 1106 983 ε’φαπτᾶτθωσαν.
1126 879 1248 986 ἐξετα-

199 1005 315 1108 ζέσθω
333 1007 372 1088 δέ
390 1009 507 1087 αι’πῶν
525 1013 582 1089 καὶ
594 1012 614 1089 ὁ
624 1011 718 1114 ε’ντῇ
733 1011 939 1091 όποπτόσει
948 1013 1040 1107 βίος·
1064 1016 1123 1092 καὶ
1134 1015 1247 1098 οὕτως

171 1141 475 1245 ςτογχανέτωσαν
485 1146 548 1240 τῆς
560 1145 842 1248 φιλανθροπτίας.
853 1146 936 1224 εἶδέ
940 1180 1032 1231 τινες
1043 1147 1247 1251 κατακόρως

198 1277 236 1354 ἐν
253 1282 327 1361 τοῖς
349 1275 583 1378 ἁμαρτῆμασι
605 1277 789 1380 γεγόνασι,
809 1277 875 1378 τὴν
900 1279 1041 1383 μακρὰν
1064 1283 1247 1386 ἐχέτωσαν

199 1408 417 1491 ι’πόπτωσιν.
447 1411 529 1490 ὅσοι
556 1411 594 1491 δὲ
612 1413 829 1515 ὑπερβάισες
846 1413 912 1513 τὴν
930 1416 1073 1514 ἡλικίαν
1101 1418 1244 1516 ταύτην,

197 1550 256 1624 καὶ
274 1552 442 1647 γυναῖκας
459 1544 610 1650 ἔχοντες,
628 1549 921 1650 περιπεπτώκασι
937 1557 989 1658 τῷ
1005 1550 1245 1654 ἁμαρτήματι,

197 1680 299 1760 πέντε
318 1682 376 1760 καὶ
394 1679 528 1759 ε’ίκοσιν
547 1679 607 1781 ἔτη
634 1682 876 1765 ὑποπεσόντες
899 1685 1080 1767 κοινωνίας
1105 1719 1240 1790 τυγχα-

153 1815 357 1894 ιονέτωσαν
384 1817 448 1913 τῆς
475 1821 523 1898 είς
550 1814 614 1900 τὰς
641 1815 858 1920 προσευχάς.
893 1813 969 1895 εἶτα
995 1818 1245 1903 ἐκτελέσαντες

197 1949 299 2030 πέντε
318 1950 378 2048 ἔτη
397 1950 498 2054 ε’ντῇ
524 1950 687 2055 κοινωνίᾳ
713 1956 785 2029 τῶν
813 1951 935 2055 εὐχῶν,
964 1950 1244 2055 πνγχανέτωσαν

195 2088 259 2182 τῆς
276 2091 507 2190 προσφορᾶς.
539 2089 569 2163 εἰ
588 2084 632 2162 δέ
645 2118 736 2169 τινες
754 2087 814 2164 καὶ
831 2086 999 2186 γνναῖκας
1016 2086 1166 2188 ἔχοντες,
1185 2091 1244 2167 καὶ

199 2218 415 2321 ὑπερβόισες
441 2217 504 2298 τὸν
531 2223 810 2318 πεντηκονταετῆ
838 2217 977 2324 χρόνον,
997 2220 1167 2324 ἥμαρτον,
1185 2224 1243 2302 ἐπὶ

197 2361 242 2459 τῇ
260 2353 373 2461 ἐξόδῳ
391 2362 455 2433 τοῦ
471 2358 554 2449 βίον
572 2353 851 2458 τνγχανέτωσαν
869 2359 932 2452 τῆς
949 2359 1141 2440 κοινωνίας.

150 2509 185 2573 ¹⁵
582 2502 766 2579 ΚΑΝΩΝ
796 2504 859 2579 lZ.

250 2623 345 2710 Τοὺς
368 2626 678 2727 ἀλογενσαμένους
696 2629 754 2706 καὶ
772 2625 928 2731 λεπροὺς
946 2628 1061 2724 ὄντας,
1080 2628 1158 2728 ἤτοι
1178 2637 1241 2707 λε-

194 2759 420 2862 προίσαντας,
439 2758 585 2844 τούτους
605 2760 831 2867 προσέταξεν
856 2763 878 2860 ἡ
908 2760 994 2862 ἁγία
1016 2762 1168 2846 σύνοδος
1194 2768 1243 2849 είς

194 2894 276 2979 τούς
294 2892 562 2999 χειμαζομένους
579 2896 760 2999 εὔχεσθαι.

195 3058 265 3097 num
279 3038 339 3097 tole
357 3038 465 3097 crimen
484 3037 692 3103 sommiserint.
744 3038 909 3098 nitudinem
934 3050 1079 3117 gerentes,
1104 3038 1135 3095 in
1163 3059 1242 3097 com-

149 3136 186 3174 το
195 3118 360 3196 quindecim
375 3117 458 3177 annis
469 3118 579 3179 exactis
589 3118 620 3175 in
629 3137 692 3196 poe-
743 3119 911 3177 munionem
927 3119 1123 3197 suscipiantur
1133 3120 1243 3178 oratio·

195 3199 330 3265 nitentia,
345 3198 577 3257 eommunionem
599 3218 691 3256 mere·
743 3218 824 3257 num.
847 3199 883 3255 In
895 3218 953 3276 quo
963 3199 1164 3276 quinquennio
1174 3220 1242 3279 per·

194 3289 281 3336 antur
289 3279 465 3337 orationum.
483 3277 599 3336 Deinde
609 3278 691 3355 quin·
743 3278 892 3345 durantes,
921 3290 993 3338 tuno
1021 3278 1137 3337 demum
1160 3279 1240 3338 oblo-

194 3358 323 3435 quennio
350 3358 380 3416 in
408 3358 462 3417 hao
488 3358 692 3416 communione
743 3358 832 3417 tionis
861 3369 1040 3417 ammento
1067 3359 1239 3437 percipiant.

194 3438 342 3505 durantes,
370 3448 442 3497 tuno
466 3438 583 3497 demum
611 3436 691 3495 obla-
742 3436 870 3509 Quodsi
893 3438 992 3515 quiet
1010 3439 1241 3497 uxoreshoben·

148 3518 283 3597 25tionis
310 3528 488 3577 momenta
511 3517 691 3595 oontingsnt.
741 3528 795 3585 tes,
805 3529 836 3577 et
846 3518 1084 3577 transcendentes
1097 3517 1241 3595 quinquo·

195 3598 379 3657 Discutiatur
392 3608 490 3657 autem
510 3607 541 3655 et
562 3597 622 3656 vita
641 3618 689 3655 eo·
740 3598 882 3675 gesimum
897 3618 1004 3656 annum
1020 3598 1175 3665 πεπωκότα
1189 3594 1241 3659 de.

193 3698 270 3745 rum,
278 3678 373 3756 qualis
386 3688 516 3757 tempore
531 3676 691 3756 poenitudi-
741 3677 891 3755 liquerint,
901 3677 938 3737 sd
951 3678 1064 3737 exitum
1079 3678 1148 3735 vitae
1162 3700 1239 3738 eom-

194 3759 238 3815 nis
259 3758 404 3825 extiterit,
416 3769 446 3817 et
467 3758 508 3817 ito
527 3758 688 3815 misericor·
740 3756 889 3816 munionis
910 3758 1032 3836 gretiam
1060 3777 1242 3835 oonsequon.

193 3836 269 3896 disin
291 3849 515 3915 oonsequontur.
558 3836 689 3909 Quodsi
740 3848 798 3895 tur.

145 3940 184 3995 30
193 3918 409 3999 inexplebiliter
419 3918 464 3976 his
475 3919 583 3977 haesere
594 3916 690 3975 erimi-

192 3998 288 4069 nibns,
302 3998 339 4057 nd
358 3997 497 4075 agendam
519 3997 687 4076 poenitenti·
849 3980 1002 4039 CANON
1021 3980 1128 4040 XVII·

192 4098 237 4135 orn
249 4078 392 4156 prolixius
402 4088 519 4157 tempus
531 4077 692 4135 insumuntr
782 4076 844 4135 Eos
857 4077 907 4155 qui
923 4077 1160 4136 irrationabiliter
1176 4080 1240 4137 vix-

192 4158 348 4236 Quotquot
356 4168 452 4215 autem
463 4157 688 4236 pernotaviginti
740 4158 828 4227 erint,
842 4169 872 4216 et
886 4157 967 4235 lepra
986 4157 1089 4234 injusti
1110 4158 1240 4217 oriminis

192 4256 332 4295 annorum
351 4247 445 4302 [etate.
461 4246 491 4296 et
510 4256 616 4295 uxores
637 4236 687 4294 ho·
740 4237 811 4295 alios
826 4237 995 4317 polluerint,
1007 4236 1242 4315 prseoepitsano-

142 4316 303 4395 35bentes,
332 4317 387 4374 hoc
414 4326 533 4395 peceato
562 4315 688 4396 prolapsi
738 4328 769 4375 to
784 4317 914 4396 synodus
928 4317 1004 4374 inter
1018 4336 1068 4374 eos
1081 4319 1239 4393 orore‚qui

191 4407 269 4463 sunt,
278 4397 522 4476 vigintiquinque
533 4396 616 4455 annis
627 4417 687 4477 poe-
739 4397 845 4475 spiritu
860 4396 1064 4474 periclitentur
1078 4396 1238 4454 immundo.

687 4510 738 4559 ⁸2
