3242 5150
313 402 364 468 IN
385 400 645 466 ANCYRANI
672 400 889 464 (20N01L11
915 399 1142 465 CANONES.
1191 403 1256 467 1⁵7

209 575 264 642 Ad
284 575 353 640 haeo
372 573 511 640 eelebres
532 578 608 637 sunt
627 571 764 658 episcopi
783 571 983 656 suffraganei,
997 593 1078 658 qnos
1097 572 1131 635 in
1145 571 1256 658 viginti

208 701 265 743 sex
280 677 404 762 oppidis
417 675 470 740 lex
485 674 618 738 Honriei
632 673 736 738 ootevi
756 673 983 738 constituebat.
1029 672 1107 754 Quae
1129 674 1256 758 quidem

207 781 271 857 lox,
281 788 318 845 ut
330 779 435 844 obiter
445 777 478 840 id
490 782 608 850 notem,
618 775 652 840 in
662 775 790 861 aliquod
801 783 928 861 tempus
938 776 1113 840 obtinuisse
1121 777 1255 855 videtur,

208 883 318 946 deoem
340 879 424 944 enim
445 878 584 944 virorum
606 877 711 942 inveni
732 877 1256 964 nomina,Mamp19,Soleoey‚

213 981 383 1059 numen
413 983 535 1066 Rupere,
564 981 734 1066 Hodqlim,
767 981 884 1066 Byrdo,
922 980 1059 1059 tum,
1093 980 1254 1056 Holbeueb,

208 1087 340 1162 Βσττνσι,
370 1087 487 1161 Sene,
515 1083 569 1168 qui
592 1082 860 1168 temporibusve!
883 1083 1024 1168 ejusdem
1051 1083 1183 1148 Henrioi
1207 1084 1256 1148 vel

208 1187 378 1252 liberorum
400 1186 469 1270 ejus
488 1184 678 1271 suffraganei
700 1185 838 1270 episoopi
858 1185 1009 1259 fuerunt3
1034 1185 1154 1250 seilicet
1177 1187 1253 1272 (ι’ίρ·

203 1289 394 1376 pavimen,
421 1287 665 1371 ibetsordieneie,
686 1285 867 1366 Dubreuso'e,
883 1287 1124 1371 Bedjordieesis,
1145 1290 1257 1354 Potri-

209 1392 327 1465 atomo,
375 1388 651 1468 δένσυιόιιήντιςιῗς,
693 1389 825 1454 Bresioi·
881 1391 911 1467 ¹,
956 1389 1256 1474 Nottieqbomebmis,

211 1494 427 1559 munemne
435 1492 622 1577 suffraganei
632 1492 737 1556 vooeti
749 1518 758 1568 ;
781 1514 915 1576 quorum
925 1493 989 1556 dno
999 1491 1114 1570 ultimi,
1126 1493 1258 1578 perinde

207 1619 246 1661 ae
270 1596 392 1682 Rogors
415 1595 503 1680 prins
529 1593 720 1672 nominatus,
748 1594 939 1659 Elisabetha
960 1601 1114 1679 regnante
1141 1595 1258 1661 eonsti-

208 1699 271 1764 tuti
301 1705 385 1762 sunt.
431 1697 592 1762 Sternium
622 1697 749 1782 quidem
778 1704 936 1761 memoret
961 1696 1090 1761 Oollier.
1115 1697 1148 1760 in
1172 1698 1256 1763 Hos.

208 1801 321 1866 Εσσέσσ.
343 1800 470 1866 Britan.
495 1799 553 1866 vol.
570 1801 600 1864 ii.
617 1801 669 1865 lib.
685 1800 736 1864 vii.
760 1822 833 1885 pag.
849 1803 923 1885 637.
948 1800 988 1864 de
1010 1799 1163 1865 Bamesio
1182 1822 1256 1865 vero

207 1904 277 1990 egit
296 1901 459 1968 Antonine
475 1901 594 1981 Wood‚
616 1902 727 1966 Attea.
751 1903 845 1966 Onon.
867 1902 929 1966 vol.
945 1902 967 1965 i.
991 1924 1021 1987 p.
1033 1903 1106 1983 708.
1149 1904 1257 1968 Mooro

207 2013 363 2092 regnante
378 2003 519 2069 Hourioo
533 2003 766 2090 suffraganeum
784 2004 1018 2069 Uolcente-ebrum
1040 2027 1123 2069 nuno
1142 2006 1256 2071 esteris

208 2107 302 2172 eddo.
347 2107 452 2169 Immo
474 2106 554 2170 duos
572 2106 620 2171 vel
638 2113 705 2170 tres
728 2105 807 2171 alios
828 2115 1092 2172 commemoratos
1110 2107 1201 2172 video
1222 2108 1255 2171 in

209 2207 371 2274 Duoerelli
386 2216 420 2273 et
436 2206 560 2272 Leuisii
575 2207 680 2272 libello
695 2209 791 2272 modo
806 2208 958 2287 indicato,
971 2211 1021 2275 oui
1035 2210 1158 2284 titulus,
1170 2212 1257 2274 Some

208 2313 344 2374 Aeemust
358 2310 398 2393 os
404 2309 572 2396 Sufflupam
586 2309 715 2395 Bbbopo
728 2310 763 2374 io
776 2311 933 2395 Ενρῖσιιιί,
949 2311 1024 2376 mihi
1046 2333 1148 2397 nuper
1160 2312 1255 2389 visus,

209 2434 345 2497 quonum
359 2411 503 2477 eonferas
517 2412 620 2487 velim,
637 2435 708 2498 qum
723 2411 774 2476 hio
789 2413 951 2478 annotavi.

597 2590 751 2657 OANON
770 2593 867 2655 XIV.

254 2726 291 2788 P.
310 2724 417 2791 1221.
434 2744 463 2789 2.
478 2725 700 2807 πρεσβυτέρους
713 2722 732 2805 ἢ
747 2729 900 2792 διακόνους
914 2725 1017 2807 ὄντας]
1035 2725 1112 2789 Gen.
1129 2722 1253 2809 Gengr.

211 2828 261 2891 11.
282 2828 445 2893 Hannone.
490 2827 658 2893 Pertinent
681 2827 714 2890 hi
737 2847 874 2891 oenones
892 2827 935 2890 ed
956 2848 1088 2911 agapes,
1109 2847 1180 2911 quae
1202 2846 1255 2890 vo

208 2937 332 2995 eantur.
374 2930 435 2995 Ait
450 2930 600 2995 Balsamo
614 2930 647 2993 in
666 2931 825 2994 Commeat.
842 2931 906 2993 ἐπεὶ
921 2932 954 2994 δὲ
972 2929 1186 3011 πρεσβυτέρων
1207 2929 1256 2993 roi

207 3033 353 3096 διακόνων
364 3032 465 3111 μόνων
480 3031 612 3113 έμνήσθη
627 3036 644 3096 ό
658 3034 761 3113 παρὼν
777 3034 884 3106 κεινὸν,
901 3035 918 3096 ὁ
933 3034 966 3096 δὲ
980 3033 1079 3114 ῥηθεὶς
1093 3033 1256 3095 ἀποστολι-

208 3133 259 3199 κὸς
273 3133 372 3197 κανὼν
384 3131 505 3197 πάντων
521 3139 577 3198 τῶν
591 3136 755 3216 ἇνθρῶπωυ
768 3135 926 3216 μέμνηται,
942 3136 1077 3213 ὀφείλεις
1091 3134 1140 3197 καὶ
1160 3133 1199 3197 σὺ
1218 3136 1256 3197 τὸ

208 3235 336 3298 ἐνταῦθα
349 3234 539 3315 δισρισθέντσ
554 3238 595 3303 εἰς
608 3235 723 3304 πάντας
738 3239 872 3302 ἑλκύσαι.
917 3235 1069 3300 Conferas
1083 3254 1137 3320 51.
1153 3242 1187 3299 et
1200 3249 1254 3321 53.

209 3337 357 3413 Caoooee,
377 3335 431 3420 qui
448 3336 660 3421 Apostolorum
682 3337 841 3414 dicuntur,
866 3336 1106 3403 Eneretitarum
1129 3336 1255 3421 quidem

206 3436 428 3503 haeretieorum
438 3438 649 3523 dogmatibus,
660 3447 697 3504 ut
712 3462 751 3505 ex
764 3441 889 3504 Irenaeo
903 3439 1003 3524 liquet
1017 3439 1070 3503 lib.
1084 3439 1104 3503 i.
1120 3460 1189 3520 oep.
1203 3439 1254 3502 28.

206 3540 255 3605 vel
268 3560 323 3625 30.
339 3540 512 3625 oppositos,
532 3542 587 3605 sed
610 3540 745 3607 fortasse
768 3548 882 3607 oontre
903 3541 1061 3606 simillime
1079 3540 1255 3606 Maniehae·

206 3664 297 3707 orum
320 3642 401 3707 snite
426 3644 604 3728 praesertim
629 3646 832 3719 eonstitutos‚
857 3666 929 3728 quae
950 3642 1009 3708 sub
1030 3644 1127 3708 finem
1148 3642 1255 3707 saeoufi

206 3744 294 3809 tertii
309 3743 342 3808 in
357 3744 522 3829 imperium
537 3745 716 3810 Romanum
731 3746 923 3832 irruperant.
973 3744 1077 3808 Immo
1092 3766 1166 3809 vero
1179 3765 1254 3828 epo

207 3845 326 3911 stoliois
343 3868 469 3931 quoque
483 3847 679 3933 temporibus
693 3847 873 3933 hujusmodi
887 3846 1051 3933 opiniones
1065 3846 1255 3921 extiterunt,

207 3966 286 4032 quas
314 3947 489 4014 oonfutevit
514 3949 548 4017 S.
564 3950 685 4016 Paulus
713 3952 746 4013 in
769 3952 832 4035 lap.
853 3951 961 4035 priore
988 3948 1034 4012 od
1059 3946 1253 4022 Timotheus,

207 4068 275 4133 oep.
290 4070 324 4129 4.

250 4149 336 4215 Ibid.
357 4150 377 4215 l.
399 4171 431 4236 3.
455 4152 659 4241 έφάπτεσθσι]
695 4154 874 4220 Matthaeus
905 4153 1069 4218 Blestares
1097 4152 1254 4234 sevissem.

210 4250 271 4316 Liu.
288 4254 326 4316 Β.
344 4274 414 4337 eep.
430 4254 472 4318 ix.
496 4277 527 4339 p.
542 4274 594 4339 55.
638 4255 677 4321 ‘O
700 4259 733 4321 δέ
754 4261 806 4336 τῆς
828 4258 863 4320 έν
883 4255 1013 4339 Ἀγκύρη
1035 4251 1082 4317 ιδ’.
1112 4258 1174 4317 τοῖς
1196 4256 1256 4313 τῶν

211 4359 300 4433 κρεῶν
314 4355 511 4439 ἆπεχυμέυοις
529 4355 564 4420 δι’
586 4358 725 4437 ἄσκησιν,
746 4357 890 4440 γενέσθαι
904 4358 1076 4438 (γεύεσθαι)
1090 4354 1184 4433 μόνον
1206 4352 1255 4415 ἐπὶ
